<?xml version="1.0" encoding="UTF-8"?>
<!DOCTYPE html PUBLIC "-//W3C//DTD XHTML 1.0 Transitional//EN"
    "http://www.w3.org/TR/xhtml1/DTD/xhtml1-transitional.dtd">
<html xmlns="http://www.w3.org/1999/xhtml" xml:lang="en" lang="en">
 <head>
  <title>
</title>
<meta http-equiv="Content-Type" content="text/html;charset=utf-8" />
  <meta name='ocr-system' content='tesseract 3.04.00' />
  <meta name='ocr-capabilities' content='ocr_page ocr_carea ocr_par ocr_line ocrx_word'/>
</head>
<body>
  <div class='ocr_page' id='page_1' title='image "./operabro02taciuoft/operabro02taciuoft_0267.png"; bbox 0 0 2223 3033; ppageno 0'>
   <div class='ocr_carea' id='block_1_1' title="bbox 74 887 124 914">
    <p class='ocr_par' dir='ltr' id='par_1_1' title="bbox 74 887 124 914">
     <span class='ocr_line' id='line_1_1' title="bbox 74 887 124 914; baseline 0.04 -2"><span class='ocrx_word' id='word_1_1' title='bbox 74 887 124 914; x_wconf 83' lang='lat'>10</span> 
     </span>
    </p>
   </div>
   <div class='ocr_carea' id='block_1_2' title="bbox 275 218 1530 275">
    <p class='ocr_par' dir='ltr' id='par_1_2' title="bbox 275 218 1530 275">
     <span class='ocr_line' id='line_1_2' title="bbox 275 218 1530 275; baseline -0.006 -9"><span class='ocrx_word' id='word_1_2' title='bbox 275 222 592 266; x_wconf 89' lang='lat' dir='ltr'><strong>ANNALIUM</strong></span> <span class='ocrx_word' id='word_1_3' title='bbox 626 220 797 262; x_wconf 86' lang='lat' dir='ltr'>LIBER</span> <span class='ocrx_word' id='word_1_4' title='bbox 830 218 1086 261; x_wconf 80' lang='lat' dir='ltr'><strong>DECIMUS</strong></span> <span class='ocrx_word' id='word_1_5' title='bbox 1122 219 1389 275; x_wconf 82' lang='lat' dir='ltr'><strong>QUINTUS.</strong></span> <span class='ocrx_word' id='word_1_6' title='bbox 1445 235 1468 258; x_wconf 86' lang='lat'><strong>2</strong></span> <span class='ocrx_word' id='word_1_7' title='bbox 1477 231 1530 271; x_wconf 79' lang='lat'>53</span> 
     </span>
    </p>
   </div>
   <div class='ocr_carea' id='block_1_3' title="bbox 150 301 1542 1435">
    <p class='ocr_par' dir='ltr' id='par_1_3' title="bbox 150 301 1143 361">
     <span class='ocr_line' id='line_1_3' title="bbox 150 301 1143 361; baseline -0.003 -17"><span class='ocrx_word' id='word_1_8' title='bbox 150 306 378 361; x_wconf 82' lang='lat' dir='ltr'>»Principis</span> <span class='ocrx_word' id='word_1_9' title='bbox 392 335 404 355; x_wconf 87' lang='lat'><em>‚</em></span> <span class='ocrx_word' id='word_1_10' title='bbox 426 317 573 345; x_wconf 86' lang='lat' dir='ltr'>novam</span> <span class='ocrx_word' id='word_1_11' title='bbox 591 302 638 342; x_wconf 88' lang='lat' dir='ltr'>ad</span> <span class='ocrx_word' id='word_1_12' title='bbox 658 302 843 341; x_wconf 68' lang='lat' dir='ltr'>saevitiam</span> <span class='ocrx_word' id='word_1_13' title='bbox 867 301 1086 341; x_wconf 78' lang='lat' dir='ltr'>retraheret</span> <span class='ocrx_word' id='word_1_14' title='bbox 1102 318 1122 337; x_wconf 86' lang='lat'>»</span> <span class='ocrx_word' id='word_1_15' title='bbox 1135 332 1143 341; x_wconf 91' lang='lat'>.</span> 
     </span>
    </p>

    <p class='ocr_par' dir='ltr' id='par_1_4' title="bbox 153 362 1542 1435">
     <span class='ocr_line' id='line_1_4' title="bbox 215 362 1538 418; baseline -0.009 -9"><span class='ocrx_word' id='word_1_16' title='bbox 215 369 439 410; x_wconf 87' lang='lat' dir='ltr'><strong>LXXIV.</strong></span> <span class='ocrx_word' id='word_1_17' title='bbox 473 367 545 406; x_wconf 86' lang='lat' dir='ltr'>TU</span> <span class='ocrx_word' id='word_1_18' title='bbox 558 378 588 404; x_wconf 85' lang='lat' dir='ltr'>M</span> <span class='ocrx_word' id='word_1_19' title='bbox 604 365 764 405; x_wconf 90' lang='lat' dir='ltr'>decreta</span> <span class='ocrx_word' id='word_1_20' title='bbox 787 381 808 399; x_wconf 91' lang='lat'>«</span> <span class='ocrx_word' id='word_1_21' title='bbox 826 363 930 404; x_wconf 86' lang='lat' dir='ltr'>dona</span> <span class='ocrx_word' id='word_1_22' title='bbox 946 393 960 414; x_wconf 82' lang='grc'>,</span> <span class='ocrx_word' id='word_1_23' title='bbox 978 367 1017 403; x_wconf 85' lang='lat'>&amp;</span> <span class='ocrx_word' id='word_1_24' title='bbox 1033 378 1161 417; x_wconf 77' lang='lat' dir='ltr'>grates</span> <span class='ocrx_word' id='word_1_25' title='bbox 1177 362 1259 404; x_wconf 88' lang='lat' dir='ltr'>deis</span> <span class='ocrx_word' id='word_1_26' title='bbox 1274 376 1321 410; x_wconf 79' lang='lat'>»3</span> <span class='ocrx_word' id='word_1_27' title='bbox 1343 363 1538 418; x_wconf 73' lang='lat' dir='ltr'>proprius-</span> 
     </span>
     <span class='ocr_line' id='line_1_5' title="bbox 153 427 1534 485; baseline -0.003 -14"><span class='ocrx_word' id='word_1_28' title='bbox 153 446 229 485; x_wconf 92' lang='lat' dir='ltr'>que</span> <span class='ocrx_word' id='word_1_29' title='bbox 254 433 384 471; x_wconf 85' lang='lat' dir='ltr'>honos</span> <span class='ocrx_word' id='word_1_30' title='bbox 411 428 524 479; x_wconf 83' lang='lat' dir='ltr'>Soli,</span> <span class='ocrx_word' id='word_1_31' title='bbox 559 429 625 470; x_wconf 89' lang='lat' dir='ltr'>cui</span> <span class='ocrx_word' id='word_1_32' title='bbox 648 429 701 468; x_wconf 86' lang='lat' dir='ltr'>est</span> <span class='ocrx_word' id='word_1_33' title='bbox 737 442 852 467; x_wconf 83' lang='lat' dir='ltr'>vetus</span> <span class='ocrx_word' id='word_1_34' title='bbox 878 427 977 468; x_wconf 81' lang='lat' dir='ltr'>aedes</span> <span class='ocrx_word' id='word_1_35' title='bbox 1009 427 1114 482; x_wconf 85' lang='lat' dir='ltr'>apud</span> <span class='ocrx_word' id='word_1_36' title='bbox 1141 427 1307 467; x_wconf 89' lang='lat' dir='ltr'>Circum</span> <span class='ocrx_word' id='word_1_37' title='bbox 1325 432 1333 447; x_wconf 84' lang='lat'><em>¹</em></span> <span class='ocrx_word' id='word_1_38' title='bbox 1351 456 1363 476; x_wconf 84' lang='lat'><strong><em>,</em></strong></span> <span class='ocrx_word' id='word_1_39' title='bbox 1392 427 1431 465; x_wconf 90' lang='lat' dir='ltr'>in</span> <span class='ocrx_word' id='word_1_40' title='bbox 1455 442 1534 479; x_wconf 84' lang='lat' dir='ltr'>quo</span> 
     </span>
     <span class='ocr_line' id='line_1_6' title="bbox 153 488 1535 549; baseline -0.003 -15"><span class='ocrx_word' id='word_1_41' title='bbox 153 495 309 535; x_wconf 85' lang='lat' dir='ltr'>facinus</span> <span class='ocrx_word' id='word_1_42' title='bbox 339 492 576 549; x_wconf 83' lang='lat' dir='ltr'>parabatur,</span> <span class='ocrx_word' id='word_1_43' title='bbox 603 492 671 545; x_wconf 87' lang='lat' dir='ltr'>qui</span> <span class='ocrx_word' id='word_1_44' title='bbox 705 490 868 531; x_wconf 85' lang='lat' dir='ltr'>occulta</span> <span class='ocrx_word' id='word_1_45' title='bbox 898 488 1214 542; x_wconf 80' lang='lat' dir='ltr'>conjurationis,</span> <span class='ocrx_word' id='word_1_46' title='bbox 1244 490 1408 530; x_wconf 87' lang='lat' dir='ltr'>numine</span> <span class='ocrx_word' id='word_1_47' title='bbox 1431 503 1535 530; x_wconf 87' lang='lat' dir='ltr'>rete-</span> 
     </span>
     <span class='ocr_line' id='line_1_7' title="bbox 153 552 1538 610; baseline -0.001 -15"><span class='ocrx_word' id='word_1_48' title='bbox 153 557 287 597; x_wconf 82' lang='lat' dir='ltr'>xiffet:</span> <span class='ocrx_word' id='word_1_49' title='bbox 308 570 430 610; x_wconf 85' lang='lat' dir='ltr'>utque</span> <span class='ocrx_word' id='word_1_50' title='bbox 459 555 707 596; x_wconf 78' lang='lat' dir='ltr'>Circensium</span> <span class='ocrx_word' id='word_1_51' title='bbox 728 553 987 595; x_wconf 86' lang='lat' dir='ltr'>Cerealium²</span> <span class='ocrx_word' id='word_1_52' title='bbox 1004 552 1204 594; x_wconf 87' lang='lat' dir='ltr'>ludicrum</span> <span class='ocrx_word' id='word_1_53' title='bbox 1220 552 1398 609; x_wconf 88' lang='lat' dir='ltr'>pluribus</span> <span class='ocrx_word' id='word_1_54' title='bbox 1418 568 1538 607; x_wconf 87' lang='lat' dir='ltr'>equo-</span> 
     </span>
     <span class='ocr_line' id='line_1_8' title="bbox 154 615 1537 671; baseline -0.003 -11"><span class='ocrx_word' id='word_1_55' title='bbox 154 635 242 660; x_wconf 87' lang='lat' dir='ltr'>rum</span> <span class='ocrx_word' id='word_1_56' title='bbox 269 619 440 661; x_wconf 78' lang='lat' dir='ltr'>curfibus</span> <span class='ocrx_word' id='word_1_57' title='bbox 469 618 767 660; x_wconf 85' lang='lat' dir='ltr'>celebraretur:</span> <span class='ocrx_word' id='word_1_58' title='bbox 804 618 945 658; x_wconf 76' lang='lat' dir='ltr'>meniis</span> <span class='ocrx_word' id='word_1_59' title='bbox 979 632 1138 671; x_wconf 89' lang='lat' dir='ltr'>quoque</span> <span class='ocrx_word' id='word_1_60' title='bbox 1172 615 1322 671; x_wconf 83' lang='lat' dir='ltr'>Aprilis</span> <span class='ocrx_word' id='word_1_61' title='bbox 1362 616 1537 657; x_wconf 67' lang='lat' dir='ltr'>Neronis</span> 
     </span>
     <span class='ocr_line' id='line_1_9' title="bbox 156 679 1536 739; baseline -0.003 -14"><span class='ocrx_word' id='word_1_62' title='bbox 156 697 474 739; x_wconf 81' lang='lat' dir='ltr'>cognomentum</span> <span class='ocrx_word' id='word_1_63' title='bbox 512 683 761 738; x_wconf 81' lang='lat' dir='ltr'>acciperet³.</span> <span class='ocrx_word' id='word_1_64' title='bbox 793 681 991 737; x_wconf 88' lang='lat' dir='ltr'>templum</span> <span class='ocrx_word' id='word_1_65' title='bbox 1016 679 1145 721; x_wconf 85' lang='lat' dir='ltr'>Saluti</span> <span class='ocrx_word' id='word_1_66' title='bbox 1172 680 1457 731; x_wconf 80' lang='lat' dir='ltr'>exstrueretur,</span> <span class='ocrx_word' id='word_1_67' title='bbox 1485 682 1536 721; x_wconf 79' lang='lat' dir='ltr'>eo</span> 
     </span>
     <span class='ocr_line' id='line_1_10' title="bbox 155 743 1538 800; baseline -0.002 -14"><span class='ocrx_word' id='word_1_68' title='bbox 155 746 238 788; x_wconf 92' lang='lat' dir='ltr'>loci</span> <span class='ocrx_word' id='word_1_69' title='bbox 255 753 291 797; x_wconf 77' lang='lat'>4,</span> <span class='ocrx_word' id='word_1_70' title='bbox 314 762 363 787; x_wconf 88' lang='lat' dir='ltr'>ex</span> <span class='ocrx_word' id='word_1_71' title='bbox 389 762 469 800; x_wconf 88' lang='lat' dir='ltr'>quo</span> <span class='ocrx_word' id='word_1_72' title='bbox 485 747 682 787; x_wconf 82' lang='lat' dir='ltr'>Scevinus</span> <span class='ocrx_word' id='word_1_73' title='bbox 704 745 851 784; x_wconf 87' lang='lat' dir='ltr'>ferrum</span> <span class='ocrx_word' id='word_1_74' title='bbox 873 744 1131 800; x_wconf 74' lang='lat' dir='ltr'>prompserat.</span> <span class='ocrx_word' id='word_1_75' title='bbox 1162 743 1251 799; x_wconf 90' lang='lat' dir='ltr'>Ipse</span> <span class='ocrx_word' id='word_1_76' title='bbox 1277 758 1367 783; x_wconf 89' lang='lat' dir='ltr'>eum</span> <span class='ocrx_word' id='word_1_77' title='bbox 1391 746 1538 799; x_wconf 82' lang='lat' dir='ltr'>pugio-</span> 
     </span>
     <span class='ocr_line' id='line_1_11' title="bbox 154 807 1539 866; baseline -0.001 -16"><span class='ocrx_word' id='word_1_78' title='bbox 154 825 247 850; x_wconf 86' lang='lat' dir='ltr'>nem</span> <span class='ocrx_word' id='word_1_79' title='bbox 274 811 379 866; x_wconf 89' lang='lat' dir='ltr'>apud</span> <span class='ocrx_word' id='word_1_80' title='bbox 400 809 650 865; x_wconf 80' lang='lat' dir='ltr'>Capitolium</span> <span class='ocrx_word' id='word_1_81' title='bbox 671 809 864 858; x_wconf 80' lang='lat' dir='ltr'>sacravit,</span> <span class='ocrx_word' id='word_1_82' title='bbox 890 807 1163 862; x_wconf 64' lang='lat' dir='ltr'>inscripsitque</span> <span class='ocrx_word' id='word_1_83' title='bbox 1190 820 1297 847; x_wconf 82' lang='lat' dir='ltr'><strong>IOVI</strong></span> <span class='ocrx_word' id='word_1_84' title='bbox 1327 820 1539 848; x_wconf 77' lang='lat' dir='ltr'>VINDICI.</span> 
     </span>
     <span class='ocr_line' id='line_1_12' title="bbox 154 869 1537 930; baseline -0.003 -17"><span class='ocrx_word' id='word_1_85' title='bbox 154 873 202 913; x_wconf 92' lang='lat' dir='ltr'>In</span> <span class='ocrx_word' id='word_1_86' title='bbox 228 874 392 930; x_wconf 58' lang='lat' dir='ltr'>praesens</span> <span class='ocrx_word' id='word_1_87' title='bbox 418 873 524 914; x_wconf 88' lang='lat' dir='ltr'>haud</span> <span class='ocrx_word' id='word_1_88' title='bbox 554 871 900 917; x_wconf 82' lang='lat' dir='ltr'>animadversum3</span> <span class='ocrx_word' id='word_1_89' title='bbox 928 872 1012 926; x_wconf 86' lang='lat' dir='ltr'>post</span> <span class='ocrx_word' id='word_1_90' title='bbox 1049 886 1155 911; x_wconf 85' lang='lat' dir='ltr'>arma</span> <span class='ocrx_word' id='word_1_91' title='bbox 1184 869 1283 915; x_wconf 88' lang='lat' dir='ltr'>Julii</span> <span class='ocrx_word' id='word_1_92' title='bbox 1321 871 1505 911; x_wconf 77' lang='lat' dir='ltr'>Vindicis</span> <span class='ocrx_word' id='word_1_93' title='bbox 1524 875 1537 902; x_wconf 87' lang='lat'>5</span> 
     </span>
     <span class='ocr_line' id='line_1_13' title="bbox 155 932 1540 993; baseline -0.001 -16"><span class='ocrx_word' id='word_1_94' title='bbox 155 937 205 978; x_wconf 88' lang='lat' dir='ltr'>ad</span> <span class='ocrx_word' id='word_1_95' title='bbox 231 937 451 993; x_wconf 83' lang='lat' dir='ltr'>auspicium</span> <span class='ocrx_word' id='word_1_96' title='bbox 484 939 525 976; x_wconf 63' lang='grc' dir='ltr'>ὃς</span> <span class='ocrx_word' id='word_1_97' title='bbox 554 935 786 991; x_wconf 77' lang='lat' dir='ltr'>praesagium</span> <span class='ocrx_word' id='word_1_98' title='bbox 819 934 958 974; x_wconf 72' lang='lat' dir='ltr'>futurae</span> <span class='ocrx_word' id='word_1_99' title='bbox 985 933 1151 975; x_wconf 89' lang='lat' dir='ltr'>ultionis</span> <span class='ocrx_word' id='word_1_100' title='bbox 1184 932 1427 974; x_wconf 83' lang='lat' dir='ltr'>trahebatur.</span> <span class='ocrx_word' id='word_1_101' title='bbox 1454 935 1540 975; x_wconf 88' lang='lat' dir='ltr'>Re-</span> 
     </span>
     <span class='ocr_line' id='line_1_14' title="bbox 155 996 1540 1056; baseline -0.002 -16"><span class='ocrx_word' id='word_1_102' title='bbox 155 1001 269 1056; x_wconf 89' lang='lat' dir='ltr'>perio</span> <span class='ocrx_word' id='word_1_103' title='bbox 287 1001 327 1040; x_wconf 89' lang='lat' dir='ltr'>in</span> <span class='ocrx_word' id='word_1_104' title='bbox 351 999 650 1041; x_wconf 85' lang='lat' dir='ltr'>commentariis</span> <span class='ocrx_word' id='word_1_105' title='bbox 673 998 828 1038; x_wconf 70' lang='lat' dir='ltr'>senatus</span> <span class='ocrx_word' id='word_1_106' title='bbox 846 1028 856 1047; x_wconf 90' lang='lat'>,</span> <span class='ocrx_word' id='word_1_107' title='bbox 879 996 1080 1038; x_wconf 88' lang='lat' dir='ltr'>Cerialem</span> <span class='ocrx_word' id='word_1_108' title='bbox 1096 998 1288 1038; x_wconf 82' lang='lat' dir='ltr'>Anicium</span> <span class='ocrx_word' id='word_1_109' title='bbox 1302 1027 1314 1048; x_wconf 85' lang='lat'><em>‚</em></span> <span class='ocrx_word' id='word_1_110' title='bbox 1331 997 1540 1038; x_wconf 91' lang='lat' dir='ltr'>consulem</span> 
     </span>
     <span class='ocr_line' id='line_1_15' title="bbox 155 1060 1542 1118; baseline -0.002 -15"><span class='ocrx_word' id='word_1_111' title='bbox 155 1064 429 1118; x_wconf 81' lang='lat' dir='ltr'>defignatum‚</span> <span class='ocrx_word' id='word_1_112' title='bbox 451 1078 522 1118; x_wconf 86' lang='lat' dir='ltr'>pro</span> <span class='ocrx_word' id='word_1_113' title='bbox 542 1060 737 1102; x_wconf 64' lang='lat' dir='ltr'>sententia</span> <span class='ocrx_word' id='word_1_114' title='bbox 769 1060 904 1101; x_wconf 84' lang='lat' dir='ltr'>dixiffe</span> <span class='ocrx_word' id='word_1_115' title='bbox 921 1091 933 1111; x_wconf 85' lang='lat'><strong><em>,</em></strong></span> <span class='ocrx_word' id='word_1_116' title='bbox 963 1078 984 1098; x_wconf 86' lang='lat'><strong><em>«</em></strong></span> <span class='ocrx_word' id='word_1_117' title='bbox 1007 1075 1051 1102; x_wconf 88' lang='lat' dir='ltr'>ut</span> <span class='ocrx_word' id='word_1_118' title='bbox 1075 1060 1272 1116; x_wconf 88' lang='lat' dir='ltr'>templum</span> <span class='ocrx_word' id='word_1_119' title='bbox 1295 1061 1390 1101; x_wconf 77' lang='lat' dir='ltr'>divo</span> <span class='ocrx_word' id='word_1_120' title='bbox 1412 1063 1542 1102; x_wconf 85' lang='lat' dir='ltr'>Nero-</span> 
     </span>
     <span class='ocr_line' id='line_1_16' title="bbox 153 1123 1542 1180; baseline -0.001 -15"><span class='ocrx_word' id='word_1_121' title='bbox 153 1127 227 1165; x_wconf 83' lang='lat' dir='ltr'>»ni</span> <span class='ocrx_word' id='word_1_122' title='bbox 253 1125 370 1180; x_wconf 71' lang='lat' dir='ltr'>quam</span> <span class='ocrx_word' id='word_1_123' title='bbox 394 1126 622 1167; x_wconf 71' lang='lat' dir='ltr'>maturrime</span> <span class='ocrx_word' id='word_1_124' title='bbox 645 1123 805 1180; x_wconf 60' lang='lat' dir='ltr'>publica</span> <span class='ocrx_word' id='word_1_125' title='bbox 825 1124 995 1180; x_wconf 61' lang='lat' dir='ltr'>pecunia</span> <span class='ocrx_word' id='word_1_126' title='bbox 1016 1137 1232 1180; x_wconf 73' lang='lat' dir='ltr'>poneretur</span> <span class='ocrx_word' id='word_1_127' title='bbox 1246 1142 1287 1164; x_wconf 87' lang='lat'>».</span> <span class='ocrx_word' id='word_1_128' title='bbox 1308 1124 1435 1178; x_wconf 83' lang='lat' dir='ltr'>Quod</span> <span class='ocrx_word' id='word_1_129' title='bbox 1456 1125 1542 1178; x_wconf 87' lang='lat' dir='ltr'>qui·-</span> 
     </span>
     <span class='ocr_line' id='line_1_17' title="bbox 156 1186 1541 1242; baseline -0.001 -12"><span class='ocrx_word' id='word_1_130' title='bbox 156 1189 247 1230; x_wconf 89' lang='lat' dir='ltr'>dem</span> <span class='ocrx_word' id='word_1_131' title='bbox 272 1188 341 1230; x_wconf 89' lang='lat' dir='ltr'>ille</span> <span class='ocrx_word' id='word_1_132' title='bbox 367 1188 608 1230; x_wconf 87' lang='lat' dir='ltr'>decernebat</span> <span class='ocrx_word' id='word_1_133' title='bbox 638 1202 842 1241; x_wconf 85' lang='lat' dir='ltr'>tamquam</span> <span class='ocrx_word' id='word_1_134' title='bbox 870 1187 1038 1228; x_wconf 86' lang='lat' dir='ltr'>mortale</span> <span class='ocrx_word' id='word_1_135' title='bbox 1070 1186 1267 1242; x_wconf 78' lang='lat' dir='ltr'>fastigium</span> <span class='ocrx_word' id='word_1_136' title='bbox 1297 1188 1474 1242; x_wconf 79' lang='lat' dir='ltr'>egreffo,</span> <span class='ocrx_word' id='word_1_137' title='bbox 1500 1191 1541 1228; x_wconf 80' lang='lat'>&amp;</span> 
     </span>
     <span class='ocr_line' id='line_1_18' title="bbox 155 1250 1541 1305; baseline -0.002 -11"><span class='ocrx_word' id='word_1_138' title='bbox 155 1254 459 1294; x_wconf 87' lang='lat' dir='ltr'>venerationem</span> <span class='ocrx_word' id='word_1_139' title='bbox 478 1252 595 1292; x_wconf 76' lang='lat' dir='ltr'>deum</span> <span class='ocrx_word' id='word_1_140' title='bbox 617 1253 781 1292; x_wconf 87' lang='lat' dir='ltr'>merito:</span> <span class='ocrx_word' id='word_1_141' title='bbox 815 1251 924 1305; x_wconf 89' lang='lat' dir='ltr'>quod</span> <span class='ocrx_word' id='word_1_142' title='bbox 952 1251 1000 1291; x_wconf 81' lang='lat' dir='ltr'>ad</span> <span class='ocrx_word' id='word_1_143' title='bbox 1026 1251 1161 1291; x_wconf 89' lang='lat' dir='ltr'>omina</span> <span class='ocrx_word' id='word_1_144' title='bbox 1182 1250 1310 1290; x_wconf 77' lang='lat' dir='ltr'>solum</span> <span class='ocrx_word' id='word_1_145' title='bbox 1334 1251 1390 1290; x_wconf 88' lang='lat' dir='ltr'>sui</span> <span class='ocrx_word' id='word_1_146' title='bbox 1412 1252 1541 1291; x_wconf 79' lang='lat' dir='ltr'>exitus</span> 
     </span>
     <span class='ocr_line' id='line_1_19' title="bbox 156 1313 1542 1371; baseline -0.004 -14"><span class='ocrx_word' id='word_1_147' title='bbox 156 1330 389 1357; x_wconf 88' lang='lat' dir='ltr'>verteretur.</span> <span class='ocrx_word' id='word_1_148' title='bbox 416 1318 524 1357; x_wconf 82' lang='lat' dir='ltr'>Nam</span> <span class='ocrx_word' id='word_1_149' title='bbox 553 1315 672 1355; x_wconf 71' lang='lat' dir='ltr'>deum</span> <span class='ocrx_word' id='word_1_150' title='bbox 705 1316 837 1355; x_wconf 87' lang='lat' dir='ltr'>honor</span> <span class='ocrx_word' id='word_1_151' title='bbox 872 1315 1050 1371; x_wconf 86' lang='lat' dir='ltr'>Principi</span> <span class='ocrx_word' id='word_1_152' title='bbox 1080 1329 1164 1354; x_wconf 89' lang='lat' dir='ltr'>non</span> <span class='ocrx_word' id='word_1_153' title='bbox 1198 1315 1290 1355; x_wconf 69' lang='lat' dir='ltr'>ante</span> <span class='ocrx_word' id='word_1_154' title='bbox 1316 1313 1542 1365; x_wconf 51' lang='lat' dir='ltr'>habetuff,</span> 
     </span>
     <span class='ocr_line' id='line_1_20' title="bbox 155 1377 944 1435; baseline -0.004 -15"><span class='ocrx_word' id='word_1_155' title='bbox 155 1379 274 1434; x_wconf 75' lang='lat' dir='ltr'>quam</span> <span class='ocrx_word' id='word_1_156' title='bbox 297 1394 414 1435; x_wconf 83' lang='lat' dir='ltr'>agere</span> <span class='ocrx_word' id='word_1_157' title='bbox 440 1380 544 1419; x_wconf 86' lang='lat' dir='ltr'>inter</span> <span class='ocrx_word' id='word_1_158' title='bbox 565 1379 749 1418; x_wconf 88' lang='lat' dir='ltr'>homines</span> <span class='ocrx_word' id='word_1_159' title='bbox 777 1377 944 1418; x_wconf 81' lang='lat' dir='ltr'>deflerit.</span> 
     </span>
    </p>
   </div>
   <div class='ocr_carea' id='block_1_4' title="bbox 155 1499 1546 1582">
    <p class='ocr_par' dir='ltr' id='par_1_5' title="bbox 155 1499 1546 1578">
     <span class='ocr_line' id='line_1_21' title="bbox 195 1499 1546 1540; baseline -0.001 -8.976"><span class='ocrx_word' id='word_1_160' title='bbox 195 1502 313 1531; x_wconf 77' lang='lat' dir='ltr'>¹Ai³un</span> <span class='ocrx_word' id='word_1_161' title='bbox 336 1501 468 1532; x_wconf 56' lang='lat' dir='ltr'>Curcum</span> <span class='ocrx_word' id='word_1_162' title='bbox 483 1503 497 1539; x_wconf 97' lang='lat'>]</span> <span class='ocrx_word' id='word_1_163' title='bbox 514 1500 606 1540; x_wconf 86' lang='lat' dir='ltr'>Apud</span> <span class='ocrx_word' id='word_1_164' title='bbox 619 1499 749 1531; x_wconf 89' lang='lat' dir='ltr'>Circum</span> <span class='ocrx_word' id='word_1_165' title='bbox 763 1509 830 1530; x_wconf 81' lang='lat' dir='ltr'>ma·</span> <span class='ocrx_word' id='word_1_166' title='bbox 870 1499 973 1538; x_wconf 86' lang='lat' dir='ltr'>inquit</span> <span class='ocrx_word' id='word_1_167' title='bbox 996 1499 1103 1529; x_wconf 82' lang='lat' dir='ltr'>Illustr.</span> <span class='ocrx_word' id='word_1_168' title='bbox 1123 1499 1265 1530; x_wconf 85' lang='lat' dir='ltr'>Huetius.</span> <span class='ocrx_word' id='word_1_169' title='bbox 1284 1499 1325 1529; x_wconf 82' lang='lat' dir='ltr'>At</span> <span class='ocrx_word' id='word_1_170' title='bbox 1346 1500 1395 1530; x_wconf 87' lang='lat' dir='ltr'>vir</span> <span class='ocrx_word' id='word_1_171' title='bbox 1415 1499 1546 1530; x_wconf 69' lang='lat' dir='ltr'>doffiffi</span> 
     </span>
     <span class='ocr_line' id='line_1_22' title="bbox 155 1539 1545 1582; baseline 0 -12"><span class='ocrx_word' id='word_1_172' title='bbox 155 1539 286 1572; x_wconf 84' lang='lat' dir='ltr'>ximum.</span> <span class='ocrx_word' id='word_1_173' title='bbox 869 1550 935 1569; x_wconf 87' lang='lat' dir='ltr'>mus</span> <span class='ocrx_word' id='word_1_174' title='bbox 955 1549 1020 1569; x_wconf 91' lang='lat' dir='ltr'>non</span> <span class='ocrx_word' id='word_1_175' title='bbox 1056 1539 1190 1569; x_wconf 82' lang='lat' dir='ltr'>attendit</span> <span class='ocrx_word' id='word_1_176' title='bbox 1220 1539 1386 1582; x_wconf 80' lang='lat' dir='ltr'>Augustum</span> <span class='ocrx_word' id='word_1_177' title='bbox 1415 1539 1545 1578; x_wconf 86' lang='lat' dir='ltr'>quidem</span> 
     </span>
    </p>
   </div>
   <div class='ocr_carea' id='block_1_5' title="bbox 156 1578 1548 1856">
    <p class='ocr_par' dir='ltr' id='par_1_6' title="bbox 198 1578 1545 1623">
     <span class='ocr_line' id='line_1_23' title="bbox 198 1578 1545 1623; baseline -0.001 -12.972"><span class='ocrx_word' id='word_1_178' title='bbox 198 1582 435 1611; x_wconf 44' lang='grc' dir='ltr'>1(Ζιιὶειειεῐεωωῐ</span> <span class='ocrx_word' id='word_1_179' title='bbox 452 1581 646 1611; x_wconf 76' lang='lat' dir='ltr'>CEREALIUM</span> <span class='ocrx_word' id='word_1_180' title='bbox 662 1582 676 1618; x_wconf 97' lang='lat'>]</span> <span class='ocrx_word' id='word_1_181' title='bbox 691 1579 771 1611; x_wconf 83' lang='lat' dir='ltr'>Vide</span> <span class='ocrx_word' id='word_1_182' title='bbox 785 1579 830 1610; x_wconf 84' lang='lat' dir='ltr'>su·</span> <span class='ocrx_word' id='word_1_183' title='bbox 870 1578 970 1623; x_wconf 72' lang='lat' dir='ltr'>poetis</span> <span class='ocrx_word' id='word_1_184' title='bbox 989 1578 1103 1608; x_wconf 54' lang='lat' dir='ltr'>diuum</span> <span class='ocrx_word' id='word_1_185' title='bbox 1121 1579 1178 1609; x_wconf 84' lang='lat' dir='ltr'>effe</span> <span class='ocrx_word' id='word_1_186' title='bbox 1198 1579 1310 1613; x_wconf 85' lang='lat' dir='ltr'>deum,</span> <span class='ocrx_word' id='word_1_187' title='bbox 1325 1578 1433 1609; x_wconf 84' lang='lat' dir='ltr'>&amp;in</span> <span class='ocrx_word' id='word_1_188' title='bbox 1417 1580 1545 1617; x_wconf 81' lang='lat' dir='ltr'>provin</span> 
     </span>
    </p>

    <p class='ocr_par' dir='ltr' id='par_1_7' title="bbox 156 1617 1545 1856">
     <span class='ocr_line' id='line_1_24' title="bbox 156 1617 1544 1659; baseline -0.001 -9"><span class='ocrx_word' id='word_1_189' title='bbox 156 1620 210 1659; x_wconf 70' lang='lat' dir='ltr'>pra</span> <span class='ocrx_word' id='word_1_190' title='bbox 235 1630 300 1658; x_wconf 83' lang='lat' dir='ltr'>cap.</span> <span class='ocrx_word' id='word_1_191' title='bbox 324 1630 372 1658; x_wconf 79' lang='lat'>53.</span> <span class='ocrx_word' id='word_1_192' title='bbox 869 1629 924 1649; x_wconf 81' lang='lat' dir='ltr'>cns</span> <span class='ocrx_word' id='word_1_193' title='bbox 947 1628 1011 1648; x_wconf 84' lang='lat' dir='ltr'>aras</span> <span class='ocrx_word' id='word_1_194' title='bbox 1027 1619 1061 1648; x_wconf 70' lang='grc' dir='ltr'>ὃ(</span> <span class='ocrx_word' id='word_1_195' title='bbox 1081 1617 1160 1648; x_wconf 77' lang='lat' dir='ltr'>sacra</span> <span class='ocrx_word' id='word_1_196' title='bbox 1191 1617 1346 1648; x_wconf 77' lang='lat' dir='ltr'>habuisse:</span> <span class='ocrx_word' id='word_1_197' title='bbox 1376 1621 1485 1647; x_wconf 79' lang='lat' dir='ltr'>verum</span> <span class='ocrx_word' id='word_1_198' title='bbox 1510 1620 1544 1650; x_wconf 87' lang='lat' dir='ltr'>in</span> 
     </span>
     <span class='ocr_line' id='line_1_25' title="bbox 199 1657 1544 1702; baseline 0 -13"><span class='ocrx_word' id='word_1_199' title='bbox 199 1665 208 1685; x_wconf 81' lang='lat'><em>3</em></span> <span class='ocrx_word' id='word_1_200' title='bbox 226 1660 371 1689; x_wconf 66' lang='lat' dir='ltr'>Nmoms</span> <span class='ocrx_word' id='word_1_201' title='bbox 383 1669 624 1689; x_wconf 77' lang='lat' dir='ltr'>COGNOMENTUM</span> <span class='ocrx_word' id='word_1_202' title='bbox 638 1660 828 1696; x_wconf 58' lang='lat' dir='ltr'>accrpmrsr]</span> <span class='ocrx_word' id='word_1_203' title='bbox 869 1659 950 1688; x_wconf 88' lang='lat' dir='ltr'>Urbe</span> <span class='ocrx_word' id='word_1_204' title='bbox 970 1657 1107 1688; x_wconf 82' lang='lat' dir='ltr'>honores</span> <span class='ocrx_word' id='word_1_205' title='bbox 1132 1658 1226 1687; x_wconf 65' lang='lat' dir='ltr'>defun</span> <span class='ocrx_word' id='word_1_206' title='bbox 1252 1658 1395 1688; x_wconf 88' lang='lat' dir='ltr'>nondum</span> <span class='ocrx_word' id='word_1_207' title='bbox 1418 1657 1544 1702; x_wconf 80' lang='lat' dir='ltr'>habitos</span> 
     </span>
     <span class='ocr_line' id='line_1_26' title="bbox 157 1697 1545 1738; baseline -0.001 -10"><span class='ocrx_word' id='word_1_208' title='bbox 157 1699 325 1738; x_wconf 60' lang='lat' dir='ltr'>Diffmsque</span> <span class='ocrx_word' id='word_1_209' title='bbox 347 1699 387 1729; x_wconf 87' lang='lat' dir='ltr'>est</span> <span class='ocrx_word' id='word_1_210' title='bbox 406 1697 559 1727; x_wconf 64' lang='lat' dir='ltr'>Neronem.</span> <span class='ocrx_word' id='word_1_211' title='bbox 574 1698 655 1729; x_wconf 87' lang='lat' dir='ltr'>Vide</span> <span class='ocrx_word' id='word_1_212' title='bbox 668 1697 749 1728; x_wconf 72' lang='lat' dir='ltr'>infra</span> <span class='ocrx_word' id='word_1_213' title='bbox 762 1700 829 1728; x_wconf 86' lang='lat' dir='ltr'>An-</span> <span class='ocrx_word' id='word_1_214' title='bbox 870 1697 956 1727; x_wconf 85' lang='lat' dir='ltr'>fuisse</span> <span class='ocrx_word' id='word_1_215' title='bbox 976 1697 1128 1735; x_wconf 86' lang='lat' dir='ltr'>Principi,</span> <span class='ocrx_word' id='word_1_216' title='bbox 1154 1705 1320 1735; x_wconf 80' lang='lat' dir='ltr'>antequam</span> <span class='ocrx_word' id='word_1_217' title='bbox 1347 1707 1437 1735; x_wconf 82' lang='lat' dir='ltr'>agere</span> <span class='ocrx_word' id='word_1_218' title='bbox 1463 1697 1545 1729; x_wconf 84' lang='lat' dir='ltr'>inter</span> 
     </span>
     <span class='ocr_line' id='line_1_27' title="bbox 157 1735 1545 1771; baseline 0 -3"><span class='ocrx_word' id='word_1_219' title='bbox 157 1738 218 1768; x_wconf 84' lang='lat' dir='ltr'>nal</span> <span class='ocrx_word' id='word_1_220' title='bbox 237 1740 324 1771; x_wconf 88' lang='lat' dir='ltr'><strong>XVI,</strong></span> <span class='ocrx_word' id='word_1_221' title='bbox 345 1748 392 1767; x_wconf 88' lang='lat'>12.</span> <span class='ocrx_word' id='word_1_222' title='bbox 870 1736 1016 1767; x_wconf 87' lang='lat' dir='ltr'>homines</span> <span class='ocrx_word' id='word_1_223' title='bbox 1044 1735 1184 1766; x_wconf 63' lang='lat' dir='ltr'>desiisset.</span> <span class='ocrx_word' id='word_1_224' title='bbox 1207 1737 1369 1767; x_wconf 84' lang='lat' dir='ltr'>Neronem</span> <span class='ocrx_word' id='word_1_225' title='bbox 1384 1744 1487 1766; x_wconf 86' lang='lat' dir='ltr'>autem</span> <span class='ocrx_word' id='word_1_226' title='bbox 1511 1738 1545 1768; x_wconf 87' lang='lat' dir='ltr'>in</span> 
     </span>
     <span class='ocr_line' id='line_1_28' title="bbox 196 1775 1545 1815; baseline 0 -8"><span class='ocrx_word' id='word_1_227' title='bbox 196 1782 211 1801; x_wconf 78' lang='lat'>4</span> <span class='ocrx_word' id='word_1_228' title='bbox 231 1779 277 1808; x_wconf 83' lang='lat' dir='ltr'>Eo</span> <span class='ocrx_word' id='word_1_229' title='bbox 294 1780 392 1815; x_wconf 72' lang='lat' dir='ltr'>Loci]</span> <span class='ocrx_word' id='word_1_230' title='bbox 412 1777 459 1808; x_wconf 89' lang='lat' dir='ltr'>De</span> <span class='ocrx_word' id='word_1_231' title='bbox 477 1777 539 1808; x_wconf 91' lang='lat' dir='ltr'>hoc</span> <span class='ocrx_word' id='word_1_232' title='bbox 563 1776 636 1808; x_wconf 91' lang='lat' dir='ltr'>loco</span> <span class='ocrx_word' id='word_1_233' title='bbox 657 1776 772 1807; x_wconf 58' lang='lat' dir='ltr'>dietum</span> <span class='ocrx_word' id='word_1_234' title='bbox 788 1775 832 1806; x_wconf 86' lang='lat' dir='ltr'>su-</span> <span class='ocrx_word' id='word_1_235' title='bbox 872 1775 1044 1815; x_wconf 84' lang='lat' dir='ltr'>provinciis</span> <span class='ocrx_word' id='word_1_236' title='bbox 1063 1776 1250 1815; x_wconf 79' lang='lat' dir='ltr'>appellatum</span> <span class='ocrx_word' id='word_1_237' title='bbox 1272 1775 1358 1805; x_wconf 76' lang='lat' dir='ltr'>fuisse</span> <span class='ocrx_word' id='word_1_238' title='bbox 1375 1775 1469 1806; x_wconf 89' lang='lat' dir='ltr'>deum</span> <span class='ocrx_word' id='word_1_239' title='bbox 1490 1778 1545 1808; x_wconf 85' lang='lat' dir='ltr'>tes-</span> 
     </span>
     <span class='ocr_line' id='line_1_29' title="bbox 157 1815 1548 1856; baseline 0.001 -9"><span class='ocrx_word' id='word_1_240' title='bbox 157 1827 211 1856; x_wconf 85' lang='lat' dir='ltr'>pra</span> <span class='ocrx_word' id='word_1_241' title='bbox 235 1827 301 1856; x_wconf 81' lang='lat' dir='ltr'>cap.</span> <span class='ocrx_word' id='word_1_242' title='bbox 318 1828 365 1856; x_wconf 83' lang='lat'>53.</span> <span class='ocrx_word' id='word_1_243' title='bbox 872 1824 952 1846; x_wconf 80' lang='lat' dir='ltr'>tatur</span> <span class='ocrx_word' id='word_1_244' title='bbox 970 1825 1114 1845; x_wconf 82' lang='lat' dir='ltr'>nummus</span> <span class='ocrx_word' id='word_1_245' title='bbox 1135 1826 1173 1845; x_wconf 83' lang='lat' dir='ltr'>ex</span> <span class='ocrx_word' id='word_1_246' title='bbox 1190 1825 1248 1844; x_wconf 84' lang='lat' dir='ltr'>aere</span> <span class='ocrx_word' id='word_1_247' title='bbox 1264 1815 1398 1846; x_wconf 88' lang='lat' dir='ltr'>minimo</span> <span class='ocrx_word' id='word_1_248' title='bbox 1419 1817 1457 1845; x_wconf 84' lang='lat' dir='ltr'>ab</span> <span class='ocrx_word' id='word_1_249' title='bbox 1471 1817 1548 1848; x_wconf 81' lang='lat' dir='ltr'>Har-</span> 
     </span>
    </p>
   </div>
   <div class='ocr_carea' id='block_1_6' title="bbox 155 1853 1548 2093">
    <p class='ocr_par' dir='ltr' id='par_1_8' title="bbox 155 1853 1548 2014">
     <span class='ocr_line' id='line_1_30' title="bbox 198 1853 1545 1894; baseline -0.001 -9"><span class='ocrx_word' id='word_1_250' title='bbox 198 1862 205 1883; x_wconf 86' lang='lat'>5</span> <span class='ocrx_word' id='word_1_251' title='bbox 233 1858 327 1886; x_wconf 62' lang='lat' dir='ltr'>Anm</span> <span class='ocrx_word' id='word_1_252' title='bbox 341 1867 424 1888; x_wconf 83' lang='lat' dir='ltr'>JUL11</span> <span class='ocrx_word' id='word_1_253' title='bbox 447 1855 620 1894; x_wconf 73' lang='lat' dir='ltr'>mecrs]</span> <span class='ocrx_word' id='word_1_254' title='bbox 639 1856 702 1894; x_wconf 84' lang='lat' dir='ltr'>Qui</span> <span class='ocrx_word' id='word_1_255' title='bbox 727 1854 831 1886; x_wconf 84' lang='lat' dir='ltr'>rebel-</span> <span class='ocrx_word' id='word_1_256' title='bbox 872 1855 970 1885; x_wconf 86' lang='lat' dir='ltr'>duino</span> <span class='ocrx_word' id='word_1_257' title='bbox 989 1856 1146 1890; x_wconf 81' lang='lat' dir='ltr'>laudatus,</span> <span class='ocrx_word' id='word_1_258' title='bbox 1165 1853 1272 1883; x_wconf 63' lang='lat' dir='ltr'>Selec&#39;lcz</span> <span class='ocrx_word' id='word_1_259' title='bbox 1286 1865 1379 1891; x_wconf 66' lang='lat' dir='ltr'>opem,</span> <span class='ocrx_word' id='word_1_260' title='bbox 1391 1865 1457 1894; x_wconf 81' lang='lat' dir='ltr'>pag.</span> <span class='ocrx_word' id='word_1_261' title='bbox 1474 1866 1545 1894; x_wconf 83' lang='lat'>724.</span> 
     </span>
     <span class='ocr_line' id='line_1_31' title="bbox 156 1894 1548 1934; baseline -0.001 -9"><span class='ocrx_word' id='word_1_262' title='bbox 156 1895 245 1926; x_wconf 88' lang='lat' dir='ltr'>lione</span> <span class='ocrx_word' id='word_1_263' title='bbox 258 1896 308 1926; x_wconf 86' lang='lat' dir='ltr'>sua</span> <span class='ocrx_word' id='word_1_264' title='bbox 325 1896 485 1926; x_wconf 81' lang='lat' dir='ltr'>Neronem</span> <span class='ocrx_word' id='word_1_265' title='bbox 503 1898 541 1925; x_wconf 87' lang='lat' dir='ltr'>ad</span> <span class='ocrx_word' id='word_1_266' title='bbox 558 1905 693 1926; x_wconf 88' lang='lat' dir='ltr'>mortem</span> <span class='ocrx_word' id='word_1_267' title='bbox 704 1905 832 1933; x_wconf 85' lang='lat' dir='ltr'>compu-</span> <span class='ocrx_word' id='word_1_268' title='bbox 871 1901 988 1923; x_wconf 75' lang='grc' dir='ltr'>ΝΕΡΩΝ</span> <span class='ocrx_word' id='word_1_269' title='bbox 1004 1901 1191 1923; x_wconf 77' lang='grc' dir='ltr'>ΣΕΒΑΣΤΟΣ</span> <span class='ocrx_word' id='word_1_270' title='bbox 1215 1901 1330 1930; x_wconf 80' lang='grc' dir='ltr'>ΘΕΟΣ,</span> <span class='ocrx_word' id='word_1_271' title='bbox 1344 1894 1420 1923; x_wconf 74' lang='lat' dir='ltr'>Nero</span> <span class='ocrx_word' id='word_1_272' title='bbox 1437 1896 1548 1934; x_wconf 74' lang='lat' dir='ltr'>Augus</span> 
     </span>
     <span class='ocr_line' id='line_1_32' title="bbox 157 1933 1547 1975; baseline 0.001 -10"><span class='ocrx_word' id='word_1_273' title='bbox 157 1935 204 1966; x_wconf 82' lang='lat' dir='ltr'>lit.</span> <span class='ocrx_word' id='word_1_274' title='bbox 233 1935 316 1966; x_wconf 89' lang='lat' dir='ltr'>Vide</span> <span class='ocrx_word' id='word_1_275' title='bbox 331 1937 424 1975; x_wconf 83' lang='lat' dir='ltr'>Supp&#39;</span> <span class='ocrx_word' id='word_1_276' title='bbox 428 1944 588 1966; x_wconf 86' lang='lat' dir='ltr'>ementum</span> <span class='ocrx_word' id='word_1_277' title='bbox 606 1936 718 1965; x_wconf 84' lang='lat' dir='ltr'>Annal.</span> <span class='ocrx_word' id='word_1_278' title='bbox 740 1935 830 1971; x_wconf 89' lang='lat' dir='ltr'><strong>XVI,</strong></span> <span class='ocrx_word' id='word_1_279' title='bbox 871 1943 915 1962; x_wconf 78' lang='lat' dir='ltr'>tur</span> <span class='ocrx_word' id='word_1_280' title='bbox 938 1933 1025 1970; x_wconf 74' lang='lat' dir='ltr'>deus,</span> <span class='ocrx_word' id='word_1_281' title='bbox 1057 1934 1157 1972; x_wconf 81' lang='lat' dir='ltr'>capite</span> <span class='ocrx_word' id='word_1_282' title='bbox 1192 1934 1340 1964; x_wconf 82' lang='lat' dir='ltr'>laureato.</span> <span class='ocrx_word' id='word_1_283' title='bbox 1372 1935 1415 1962; x_wconf 83' lang='lat' dir='ltr'>Ex</span> <span class='ocrx_word' id='word_1_284' title='bbox 1443 1936 1547 1966; x_wconf 78' lang='lat' dir='ltr'>aversa</span> 
     </span>
     <span class='ocr_line' id='line_1_33' title="bbox 155 1974 1548 2014; baseline -0.001 -9"><span class='ocrx_word' id='word_1_285' title='bbox 155 1975 245 2006; x_wconf 83' lang='lat'>66&amp;</span> <span class='ocrx_word' id='word_1_286' title='bbox 265 1974 349 2014; x_wconf 84' lang='lat' dir='ltr'>seqq.</span> <span class='ocrx_word' id='word_1_287' title='bbox 872 1982 956 2011; x_wconf 78' lang='lat' dir='ltr'>parre</span> <span class='ocrx_word' id='word_1_288' title='bbox 985 1980 1125 2004; x_wconf 71' lang='lat' dir='ltr'>rormoc</span> <span class='ocrx_word' id='word_1_289' title='bbox 1151 1980 1380 2003; x_wconf 65' lang='lat' dir='ltr'>ANAronmoc</span> <span class='ocrx_word' id='word_1_290' title='bbox 1407 1980 1548 2003; x_wconf 67' lang='lat' dir='ltr'>Errrrrz-</span> 
     </span>
    </p>

    <p class='ocr_par' dir='ltr' id='par_1_9' title="bbox 159 2012 1548 2093">
     <span class='ocr_line' id='line_1_34' title="bbox 196 2012 1548 2053; baseline 0.001 -10"><span class='ocrx_word' id='word_1_291' title='bbox 196 2016 209 2032; x_wconf 83' lang='lat'>⁶</span> <span class='ocrx_word' id='word_1_292' title='bbox 231 2015 304 2044; x_wconf 71' lang='lat' dir='ltr'>Nou</span> <span class='ocrx_word' id='word_1_293' title='bbox 333 2025 413 2044; x_wconf 77' lang='lat' dir='ltr'><strong>ANTE</strong></span> <span class='ocrx_word' id='word_1_294' title='bbox 441 2012 782 2053; x_wconf 69' lang='lat' dir='ltr'>HABETUR]Falfi1mi[1&#39;</span> <span class='ocrx_word' id='word_1_295' title='bbox 802 2012 830 2041; x_wconf 79' lang='lat' dir='ltr'>in</span> <span class='ocrx_word' id='word_1_296' title='bbox 873 2020 944 2041; x_wconf 78' lang='grc' dir='ltr'>ΤΗΣ</span> <span class='ocrx_word' id='word_1_297' title='bbox 960 2019 1172 2041; x_wconf 68' lang='grc' dir='ltr'>ΛΑΟΔῐΚΕΩΝ</span> <span class='ocrx_word' id='word_1_298' title='bbox 1184 2012 1486 2049; x_wconf 63' lang='lat' dir='ltr'>‚JuliusAndJcnzcus</span> <span class='ocrx_word' id='word_1_299' title='bbox 1497 2013 1548 2044; x_wconf 62' lang='lat' dir='ltr'>he-</span> 
     </span>
     <span class='ocr_line' id='line_1_35' title="bbox 159 2051 1232 2093; baseline -0.003 -9"><span class='ocrx_word' id='word_1_300' title='bbox 159 2053 278 2093; x_wconf 77' lang='lat' dir='ltr'>Augusto</span> <span class='ocrx_word' id='word_1_301' title='bbox 308 2053 391 2093; x_wconf 77' lang='lat' dir='ltr'>liquet</span> <span class='ocrx_word' id='word_1_302' title='bbox 421 2063 456 2083; x_wconf 76' lang='lat' dir='ltr'>ex</span> <span class='ocrx_word' id='word_1_303' title='bbox 483 2053 599 2084; x_wconf 77' lang='lat' dir='ltr'>Horatio</span> <span class='ocrx_word' id='word_1_304' title='bbox 632 2053 662 2084; x_wconf 72' lang='lat'>[7¹</span> <span class='ocrx_word' id='word_1_305' title='bbox 693 2053 764 2082; x_wconf 62' lang='lat' dir='ltr'>Mem</span> <span class='ocrx_word' id='word_1_306' title='bbox 758 2051 832 2089; x_wconf 72' lang='lat' dir='ltr'>ilio,</span> <span class='ocrx_word' id='word_1_307' title='bbox 873 2054 937 2091; x_wconf 61' lang='lat' dir='ltr'>veja&lt;</span> <span class='ocrx_word' id='word_1_308' title='bbox 929 2053 1021 2082; x_wconf 76' lang='lat' dir='ltr'>usin</span> <span class='ocrx_word' id='word_1_309' title='bbox 1039 2052 1232 2092; x_wconf 59' lang='lat' dir='ltr'>Laodicenses.</span> 
     </span>
    </p>
   </div>
   <div class='ocr_carea' id='block_1_7' title="bbox 642 2164 1068 2306">
    <p class='ocr_par' dir='ltr' id='par_1_10' title="bbox 642 2164 1068 2306">
     <span class='ocr_line' id='line_1_36' title="bbox 642 2164 1068 2306; baseline 0 727"><span class='ocrx_word' id='word_1_310' title='bbox 642 2164 1068 2306; x_wconf 95' lang='lat' dir='ltr'> </span> 
     </span>
    </p>
   </div>
   <div class='ocr_carea' id='block_1_8' title="bbox 1557 311 1670 318">
    <p class='ocr_par' dir='ltr' id='par_1_11' title="bbox 1557 311 1670 318">
     <span class='ocr_line' id='line_1_37' title="bbox 1557 311 1670 318; baseline 0 2715"><span class='ocrx_word' id='word_1_311' title='bbox 1557 311 1670 318; x_wconf 95' lang='lat' dir='ltr'> </span> 
     </span>
    </p>
   </div>
   <div class='ocr_carea' id='block_1_9' title="bbox 1556 327 1671 333">
    <p class='ocr_par' dir='ltr' id='par_1_12' title="bbox 1556 327 1671 333">
     <span class='ocr_line' id='line_1_38' title="bbox 1556 327 1671 333; baseline 0 0"><span class='ocrx_word' id='word_1_312' title='bbox 1556 327 1671 333; x_wconf 95' lang='lat' dir='ltr'> </span> 
     </span>
    </p>
   </div>
   <div class='ocr_carea' id='block_1_10' title="bbox 1558 349 1671 539">
    <p class='ocr_par' dir='ltr' id='par_1_13' title="bbox 1558 349 1671 539">
     <span class='ocr_line' id='line_1_39' title="bbox 1558 349 1671 374; baseline -0.018 0"><span class='ocrx_word' id='word_1_313' title='bbox 1558 350 1588 374; x_wconf 74' lang='lat' dir='ltr'>A.</span> <span class='ocrx_word' id='word_1_314' title='bbox 1601 349 1671 373; x_wconf 49' lang='lat' dir='ltr'>[DC.</span> 
     </span>
     <span class='ocr_line' id='line_1_40' title="bbox 1581 398 1652 426; baseline -0.014 0"><span class='ocrx_word' id='word_1_315' title='bbox 1581 398 1652 426; x_wconf 76' lang='lat'>812.</span> 
     </span>
     <span class='ocr_line' id='line_1_41' title="bbox 1581 457 1651 480; baseline -0.014 0"><span class='ocrx_word' id='word_1_316' title='bbox 1581 458 1604 480; x_wconf 91' lang='lat' dir='ltr'>J.</span> <span class='ocrx_word' id='word_1_317' title='bbox 1623 457 1651 480; x_wconf 90' lang='lat' dir='ltr'>C.</span> 
     </span>
     <span class='ocr_line' id='line_1_42' title="bbox 1591 504 1643 539; baseline 0 -8"><span class='ocrx_word' id='word_1_318' title='bbox 1591 504 1643 539; x_wconf 83' lang='lat'>65.</span> 
     </span>
    </p>
   </div>
  </div>
 </body>
</html>
