2223 3033
520 350 548 373 A.
559 348 587 370 L'.
600 347 630 371 C.

540 397 613 430 819.

539 453 564 475 J.
584 451 614 475 C.

548 496 600 524 66.

659 210 744 246 280
919 204 966 244 C.
1035 203 1452 246 CORNELII
1516 201 1802 246 TACITI

657 284 798 337 jectare
821 298 903 325 erat
922 285 1146 324 intentione
1162 283 1294 325 vultus
1310 314 1324 335 ,
1351 289 1391 326 ὅ(
1409 285 1546 326 auditu
1559 314 1571 334 ,
1592 285 1618 324 si
1641 300 1717 339 qua
1737 276 1879 326 claritis
1895 280 2033 340 prolo-

657 348 878 403 quebantur
892 377 904 396 ,
931 346 979 386 de
998 346 1135 387 natura
1157 349 1294 387 animat
1308 377 1321 397 ‚
1345 352 1386 388 &
1409 348 1685 389 dissociatione
1707 348 1864 403 spiritus
1887 362 2035 404 corpo-

655 413 784 465 risque
821 408 1068 463 inquirebat:
1098 410 1230 450 donec
1260 410 1422 450 advenit
1449 411 1655 452 Domitius
1688 410 1925 451 Caecilianus
1941 440 1953 460 ,
1985 423 2037 450 ex

657 475 807 514 intimis
830 473 966 513 amicis
983 502 996 522 ‚
1021 476 1061 512 ὃς
1084 475 1148 523 ei,
1177 473 1271 526 quid
1292 473 1448 512 senatus
1474 473 1708 523 censuisset,
1730 473 1927 529 exposuit.
1950 473 2036 527 Igi-

656 553 721 577 tur
739 538 878 577 flentes
895 536 1214 590 queritantesque
1230 568 1243 585 ,
1260 537 1328 588 qui
1342 535 1504 576 aderant
1518 565 1531 586 ,
1556 552 1577 572 <c
1598 535 1784 576 facessere
1813 535 1980 591 propere
2004 551 2027 572 ›>

654 599 859 649 Thrasea,
884 616 905 635 «
930 613 1008 638 neu
1042 596 1219 654 pericula
1249 598 1317 637 sua
1347 598 1514 639 miscere
1541 613 1634 638 cum
1663 599 1767 639 sorte
1798 597 1974 638 damnati
2005 613 2028 634 »

656 664 850 703 hortatur.
871 662 1108 714 Arriamque
1128 673 1349 700 tentantem
1368 662 1499 700 mariti
1512 661 1693 716 suprema
1706 691 1718 711 ,
1743 665 1783 701 &
1803 658 2036 716 exemplum

654 727 776 765 Arriae
798 726 932 765 matris
952 724 1061 777 sequi
1086 730 1095 745 ¹
1115 753 1127 773 ‚
1149 736 1289 764 monet
1303 752 1317 773 ,
1340 739 1362 759 <c
1381 724 1552 764 retinere
1569 725 1691 765 vitam
1706 754 1719 775 ,
1739 721 1906 778 filiaeque
1925 738 2036 764 com-

656 789 800 829 »muni
821 787 1033 828 subsidium
1054 787 1219 826 unicum
1242 801 1325 827 non
1346 786 1519 827 adimere
1543 803 1585 826 ».

718 851 918 892 XXXV.
953 850 1069 890 TUM
1096 849 1317 905 progressus
1344 851 1384 889 in
1406 851 1637 905 porticum,
1666 847 1752 890 illic
1774 865 1795 890 a
1818 850 2034 903 quaestore²

657 916 877 970 reperitur,
900 913 1041 953 laetitiae
1063 914 1252 968 propior,
1277 913 1368 966 quia
1388 912 1626 954 Helvidium
1644 942 1655 962 ,
1677 927 1871 966 generum
1893 912 2006 951 suum
2024 940 2038 962 ,

658 977 774 1018 Italia
800 981 955 1018 tantum
975 977 1099 1016 arceri
1124 990 1383 1030 cognoverat.
1407 977 1594 1031 Accepto
1615 976 1762 1016 dehinc
1786 975 2040 1016 senatuscon-

658 1040 763 1081 sulto
781 1071 793 1090 ‚
820 1039 1058 1081 Helvidium
1081 1042 1121 1078 ὅ(
1143 1039 1398 1078 Demetrium
1418 1040 1459 1078 in
1482 1038 1716 1079 cubiculum
1739 1039 1915 1078 inducit:
1944 1052 2040 1093 por-

657 1103 847 1156 reffisque
867 1102 1071 1154 utriusque
1089 1100 1243 1141 brachii
1263 1102 1373 1141 venis
1392 1105 1402 1128 ³
1420 1131 1433 1151 ,
1455 1102 1659 1156 postquam
1677 1116 1861 1141 cruorem
1875 1101 2039 1150 effudit,

657 1169 826 1206 humum
851 1163 966 1221 super
991 1164 1176 1219 spargens
1195 1193 1209 1214 ,
1243 1165 1404 1219 propius
1440 1178 1589 1204 vocato
1617 1165 1802 1218 quoestore
1820 1194 1833 1214 ‚
1862 1181 1882 1200 «
1915 1162 2037 1204 Libe-

656 1246 678 1266 »
689 1243 775 1269 mus
792 1246 813 1265 ›>
824 1259 835 1278 ‚
852 1229 981 1282 inquit
996 1257 1008 1277 ,
1020 1244 1041 1263 (ε
1054 1228 1147 1271 Jovi
1163 1225 1529 1282 liberatori.Spe&a
1542 1256 1554 1276 ,
1570 1225 1747 1278 juvenis:
1769 1230 1808 1267 ὅ(
1823 1241 1943 1267 omen
1957 1227 2042 1281 qui-

656 1292 782 1333 »dem
803 1292 857 1332 dii
880 1289 1144 1346 prohibeant3
1172 1292 1348 1329 ceterum
1369 1291 1410 1329 in
1435 1304 1481 1330 ea
1506 1303 1688 1345 tempora
1715 1303 1828 1330 natus
1855 1305 1921 1340 es,
1955 1290 2042 1343 qui-

658 1371 680 1393 >›
691 1354 763 1395 bus
788 1355 941 1394 firmare
963 1354 1141 1394 animum
1164 1353 1351 1408 expediat
1375 1352 1644 1394 constantibus
1671 1351 1865 1408 exemplis
1889 1370 1930 1392 ».
1951 1353 2042 1394 Post

658 1417 901 1457 lentitudine
936 1417 1063 1457 exitus
1104 1430 1243 1470 graves
1285 1417 1484 1457 cruciatus
1512 1406 1750 1468 adferente,
1790 1415 1961 1457 obverfis
1997 1416 2040 1456 in

660 1481 918 1522 Demetrium
941 1485 959 1508 4
963 1509 1191 1521 ......

657 1604 715 1633 XX
726 1627 734 1637 ‚
751 1603 846 1633 NON
860 1603 1111 1634 PRAECEPTOR
1124 1603 1217 1634 VERI
1230 1625 1238 1638 ‚
1257 1603 1329 1633 SED

658 1643 807 1672 TESTIS.
849 1645 952 1680 Quem
991 1643 1092 1672 virum
1121 1642 1305 1672 acerrimum
1320 1667 1328 1679 ‚

657 1682 693 1712 ὃς
708 1691 816 1712 contra
834 1682 941 1712 omnia
962 1691 1075 1712 naturae
1095 1681 1242 1712 defideria
1257 1692 1329 1720 pug-
1372 1685 1517 1722 Suprema
1540 1682 1631 1712 Arriae
1650 1682 1754 1712 matris
1775 1681 1837 1712 fata
1853 1682 2044 1711 narravimus

658 1729 784 1750 nantem
798 1744 806 1755 ‚
833 1723 903 1751 cum
929 1721 1045 1760 ubique
1065 1744 1074 1755 ,
1101 1729 1167 1750 tum
1193 1721 1328 1751 maxime
1371 1722 1404 1751 in
1424 1721 1649 1761 Supplemento
1665 1721 1778 1751 Annal.
1792 1722 1854 1758 IX,
1868 1731 1908 1758 40
1925 1742 1934 1756 ,
1948 1731 1983 1759 41
2008 1721 2043 1752 &

658 1759 763 1789 laudat
792 1759 825 1789 in
862 1760 944 1790 libro
984 1762 1022 1790 de
1053 1760 1218 1790 Beneficiis
1247 1761 1327 1795 VII,
1370 1773 1422 1800 42.

659 1801 688 1829 8.
710 1798 806 1826 Paullo
842 1802 906 1828 αιιτέ
928 1798 1102 1828 Demetrium
1131 1799 1232 1828 retuli:
1257 1809 1331 1838 quem
1410 1805 1421 1817 ²
1443 1803 1470 1831 A
1487 1811 1656 1837 QUAESTORE
1675 1802 1689 1837 ]
1711 1800 1738 1828 A
1761 1799 1906 1838 quaestore
1929 1798 2044 1830 consu-

656 1837 723 1866 mihi
752 1836 860 1867 viderur
892 1848 980 1867 rerum
1011 1848 1112 1866 natura
1147 1838 1244 1877 nostris·
1278 1848 1332 1866 tu—
1371 1840 1419 1870 lis,

656 1876 711 1916 lzffe
727 1876 907 1914 temporibus,
937 1886 966 1905 ut
994 1876 1162 1916 ostenderes,
1181 1887 1231 1905 nec
1257 1876 1332 1906 illum
1412 1885 1420 1905 3
1445 1882 1626 1915 UrmusQus
1657 1889 1786 1909 mucan
1809 1879 1928 1914 vrms]
1953 1877 2044 1907 Hane

659 1926 677 1944 a
698 1915 776 1945 nobis
796 1916 928 1952 corrumpi
942 1940 950 1953 ,
977 1926 1026 1945 nec
1052 1926 1102 1944 nos
1122 1915 1155 1944 ab
1174 1915 1226 1944 ullo
1247 1917 1332 1945 corri—
1371 1918 1465 1957 ipsam
1484 1920 1622 1951 Thraseae
1638 1926 1772 1948 mortem
1784 1926 1958 1947 memorans
1970 1917 2043 1946 Sue-

654 1955 789 1994 giwffi’:
816 1955 903 1984 virum
926 1955 1028 1984 exafflae
1050 1955 1137 1990 <lices
1157 1964 1238 1995 neget
1256 1955 1330 1993 i1ffe)
1371 1958 1476 1988 tonius
1498 1958 1531 1988 in
1563 1959 1637 1987 Ner.
1661 1957 1818 1986 xxxvii.
1842 1955 1947 1985 addit:
1968 1954 2045 1984 Mon·

648 1995 800 2033 sspientiae
815 1993 977 2033 :firmaeque
993 1995 1020 2024 in
1038 1994 1097 2031 his,
1116 2004 1173 2032 quae
1197 1995 1331 2033 propositi:
1366 1996 1441 2036 jufflr
1453 2007 1506 2026 non
1529 1996 1664 2033 amplius,
1683 1998 1761 2034 qua'm
1781 1994 2042 2032 horariumspatium

658 2033 836 2071 constantiae:
856 2033 1012 2073 eloquentiae
1026 2036 1088 2063 werd
1111 2034 1168 2071 ejus
1180 2057 1189 2070 ‚
1211 2044 1268 2072 quae
1288 2044 1331 2062 res
1370 2035 1475 2065 dabar:
1495 2046 1528 2064 ac
1549 2046 1583 2064 ne
1596 2034 1659 2073 quid
1673 2045 1753 2064 morae
1770 2034 1967 2070 interveniret,
1983 2043 2043 2062 me-

649 2072 810 2139 fiTYZffiWU
826 2072 940 2108 deceat,
959 2083 1012 2102 non
1031 2073 1203 2102 concinnatae
1216 2097 1225 2110 ‚
1239 2073 1329 2102 necin
1370 2074 1445 2104 dicos
1469 2074 1648 2109 admovebat,
1672 2074 1716 2113 qui
1737 2073 1894 2102 cunc'ffanres
1915 2072 2044 2101 continue)

658 2122 705 2141 ver
725 2121 741 2139 a
755 2112 899 2149 sollicitae,
920 2112 970 2151 βά
997 2112 1103 2152 ingenti
1123 2112 1212 2141 animo
1226 2136 1235 2149 ‚
1252 2122 1331 2149 prout
1371 2125 1517 2144 curarent:
1541 2115 1581 2144 ita
1608 2114 1679 2143 enim
1696 2112 1813 2143 vocabat
1839 2121 1926 2141 venas
1948 2111 2044 2140 mortis

657 2151 773 2187 impetus
792 2150 874 2187 tulit,
901 2161 945 2180 res
960 2152 1030 2190 suas
1048 2151 1237 2190 prosequentis.
1257 2152 1330 2181 Huic
1367 2154 1463 2193 gratici
1480 2154 1610 2183 incidere.

658 2200 711 2218 non
728 2188 837 2222 dubim,
856 2191 917 2229 quin
938 2190 1108 2227 providentia
1134 2190 1163 2219 Cr
1182 2190 1262 2219 ralem
1283 2191 1329 2219 vi·
1409 2198 1424 2217 4
1446 2195 1608 2226 OssvERsis
1630 2202 1659 2221 m
1674 2192 1902 2228 Deme-rmum]
1932 2190 2044 2219 Cetera

658 2238 733 2264 tam,
754 2228 783 2257 θ’
799 2229 878 2258 talem
897 2229 1005 2259 dicendi
1022 2229 1187 2267 facultatem
1207 2229 1329 2265 dederit,
1372 2232 1500 2269 periere.
1530 2233 1609 2265 Vide
1640 2232 1895 2272 Supplementum
1929 2226 2041 2258 Annal.

658 2277 692 2296 ne
713 2277 760 2297 aa:
776 2269 1022 2309 exemplumficulo
1045 2269 1149 2309 nqslro,
1165 2279 1212 2300 aut
1237 2270 1331 2299 convi-
1370 2273 1453 2303 XVI.

1296 2349 1421 2395 &vir

1329 2399 1391 2445 ψ

1373 1604 1441 1634 cium
1455 1604 1556 1644 deeffer.

1413 1650 1419 1663 ¹
1445 1645 1627 1673 Exsssiucu
1646 1642 1758 1672 Anum
1783 1651 1897 1672 MATRIS
1924 1643 2042 1681 SEQUI]

1682 2504 2047 2550 BREVIARIUM

2069 860 2122 888 10

2071 1175 2118 1214 15

2067 1489 2128 1522 20,
