2223 3033
544 364 575 387 A.
589 365 616 387 U.
628 365 656 389 C.

565 407 636 442 819.

567 462 589 485 J.
604 463 635 487 C.

569 511 619 540 66.

683 236 767 272 268
938 232 985 273 C.
1047 231 1470 274 CORNELII
1525 232 1835 277 TACITI

679 312 833 353 satietas
868 312 1057 367 cepisset,
1082 312 1329 370 aliorumque
1359 315 1517 356 toedium
1548 316 1843 371 exspeStarem,
1875 316 2057 370 quamvis

679 377 862 416 honestos
898 377 1048 416 civium
1069 379 1223 428 exitus,
1245 380 1369 419 tristes
1390 393 1522 419 tamen
1541 383 1580 420 ὅ(
1602 382 1817 421 continuos
1850 380 2056 435 aspernan-

679 441 792 480 tium.
821 439 876 478 At
895 454 1001 480 nunc
1025 443 1217 496 patientia
1242 441 1393 482 servilis
1414 471 1426 491 ,
1452 455 1688 495 tantumque
1718 443 1918 497 sanguinis
1945 443 2056 484 domi

677 503 904 559 perditum,
930 502 1099 558 fatigant
1131 506 1333 555 animum,
1360 509 1400 545 ὃς
1429 503 1604 545 maestitia
1622 507 1872 560 restringunt.
1909 508 2057 560 Neque

676 566 795 605 aliam
818 565 1087 607 defensionem
1115 567 1161 608 ab
1186 569 1232 608 iis
1248 597 1260 617 ‚
1286 566 1426 621 quibus
1451 568 1519 608 ista
1546 568 1789 618 noscentur,
1820 571 2021 622 exegerim
2043 597 2058 619 ,

676 628 795 682 quam
811 659 823 679 ,
846 644 894 669 ne
911 629 1063 670 oderim
1081 636 1089 652 ¹
1113 644 1194 671 tam
1223 631 1395 685 segniter
1416 645 1639 687 pereuntes.
1664 632 1726 672 Ira
1753 630 1822 671 illa
1847 632 2057 671 numinum

677 693 719 732 in
739 707 799 733 res
820 693 1023 734 Romanas
1044 694 1120 734 fuit
1135 723 1147 743 ,
1170 709 1287 747 quam
1308 709 1387 735 non
1406 724 1419 744 ,
1441 708 1485 734 ut
1507 696 1548 734 in
1573 694 1751 735 cladibus
1779 695 2028 735 exercituum
2043 723 2057 745 ,

679 769 747 796 aut
768 757 1001 812 captivitate
1017 751 1174 796 urbium
1187 787 1200 807 ,
1217 756 1339 798 semel
1360 757 1507 798 editam
1528 758 1687 798 transire
1702 757 1811 798 licet.
1833 758 1962 798 Detur
1977 759 2059 798 hoc

677 818 900 858 inlustrium
915 821 1094 859 virorum
1112 821 1355 876 posteritati,
1385 835 1429 860 nt
1443 851 1457 872 ,
1483 821 1688 874 quomodo
1710 821 1904 874 exsequiis
1923 837 1943 862 a
1962 835 2056 877 pro-

676 880 827 922 miscua
847 881 1046 938 sepultura
1066 883 1295 939 separantur
1315 913 1327 934 ‚
1358 885 1438 934 ita,
1464 885 1505 923 in
1530 884 1744 925 traditione
1761 883 2057 939 supremorum,

676 947 879 1000 accipiant
895 945 1146 1000 habeantque
1166 949 1366 1004 propriam
1388 949 1637 989 memoriam.

739 1008 895 1050 XVII.
930 1010 1131 1051 Paucos
1167 1012 1314 1067 quippe
1334 1013 1435 1051 intra
1464 1011 1546 1052 dies
1570 1041 1580 1060 ‚
1614 1011 1757 1052 eodem
1791 1012 1948 1066 agmine
1976 1010 2060 1051 An-

675 1086 779 1112 naeus
799 1071 936 1121 Mela,
961 1072 1128 1113 Cerialis
1149 1074 1317 1114 Anicius
1334 1104 1346 1124 ,
1367 1075 1508 1115 Rufius
1530 1074 1760 1130 Crispinus,
1783 1090 1828 1116 ac
1850 1076 2059 1115 Petronius

676 1134 873 1176 cecidere.
894 1134 1007 1175 Mela
1028 1140 1067 1175 ὃ(
1083 1135 1288 1192 Crispinus
1305 1167 1316 1187 ‚
1338 1138 1489 1190 equites
1510 1138 1712 1186 Romani,
1738 1138 1931 1191 dignitate
1955 1138 2061 1178 sena-

675 1197 778 1238 toria
799 1203 826 1238 ².
854 1200 962 1239 Nam
989 1200 1057 1240 hic
1077 1200 1279 1253 quondam
1305 1200 1505 1256 praefectus
1541 1202 1713 1256 praetorii
1733 1205 1742 1228 ³
1761 1230 1774 1250 ,
1803 1205 1841 1241 &
1872 1199 2057 1241 consula-

673 1260 781 1302 ribus
812 1261 1027 1317 insignibus
1054 1263 1251 1310 donatus;
1275 1280 1321 1305 ac
1351 1279 1475 1320 nuper
1509 1265 1677 1304 crimine
1701 1261 1989 1315 conjurationis
2016 1264 2059 1304 in

672 1325 896 1365 Sardiniam
910 1326 1067 1367 exaestus
1087 1331 1105 1354 4
1119 1357 1131 1376 ‚
1152 1341 1322 1383 accepto
1336 1325 1438 1379 juffoe
1454 1328 1592 1367 mortis
1608 1328 1751 1367 nuntio
1765 1356 1777 1376 ‚
1803 1327 1926 1367 semet
1940 1327 2058 1367 inter-

672 1387 783 1428 fecit.
807 1389 917 1429 Mela
931 1420 942 1439 ‚
965 1388 1105 1443 quibus
1125 1389 1264 1431 Gallio
1282 1395 1319 1431 ὃ(
1341 1392 1495 1431 Seneca
1514 1395 1525 1421 5
1546 1389 1774 1446 parentibus
1794 1403 1907 1438 natus
1922 1419 1935 1439 ‚
1961 1389 2058 1445 peti-

669 1451 782 1492 tione
803 1453 1003 1493 honorum
1025 1451 1261 1494 abstinuerat
1277 1484 1288 1503 ‚
1316 1469 1385 1510 per
1405 1453 1666 1494 ambitionem
1687 1453 1958 1508 praeposteram
1974 1482 1987 1502 ,
2014 1465 2059 1492 ut

675 1528 794 1567 eques
815 1516 1024 1557 Romanus
1044 1515 1320 1558 consularibus
1341 1515 1522 1573 potentia
1535 1530 1773 1570 aequaretur:
1794 1513 1906 1554 simul
1921 1515 2057 1569 adqui-

671 1577 801 1617 rendae
829 1581 1006 1634 pecuniae
1047 1577 1204 1620 brevius
1240 1581 1316 1620 iter
1350 1568 1538 1621 credebat
1562 1609 1575 1629 ‚
1608 1594 1677 1634 per
1711 1579 2013 1634 procurationes
2039 1577 2057 1599 ⁶

670 1640 985 1683 administrandis
1015 1641 1210 1698 Principis
1250 1645 1436 1698 negotiis.
1469 1643 1583 1683 Idem
1617 1643 1811 1681 Annaeum
1844 1641 2057 1682 Lucanum

671 1718 863 1758 genuerat
881 1736 892 1755 ‚
921 1704 1070 1761 grande
1094 1704 1367 1757 adjumentum
1387 1705 1634 1747 claritudinis
1652 1710 1666 1732 ⁷
1684 1723 1691 1744 ;
1715 1720 1796 1759 quo
1818 1704 2026 1745 interfe&o
2042 1714 2059 1755 ,⁴

672 1766 768 1807 dum
793 1783 876 1809 rem
897 1767 1132 1810 familiarem
1147 1767 1230 1821 ejus
1247 1766 1261 1791 ⁸
1290 1771 1432 1811 acriter
1451 1769 1615 1823 requirit
1628 1797 1642 1819 ,
1664 1768 1938 1811 accusatorem
1961 1782 2056 1808 con-

1425 1875 1433 1896 5
1458 1869 1584 1899 Gauro
1607 1878 1646 1898 ET
1660 1869 1778 1898 Seneca
1792 1868 1806 1904 ]
1818 1867 1902 1897 Vide
1916 1876 1982 1906 quae
1992 1866 2056 1897 dic-

1382 1916 1412 1939 ta
1427 1909 1495 1938 sunt
1511 1908 1597 1946 supra
1614 1908 1726 1936 Annal.
1745 1908 1800 1937 XV
1815 1929 1823 1941 ‚
1846 1917 1896 1943 73.

1421 1950 1434 1967 ⁶
1457 1949 1517 1977 PER
1534 1944 1972 1981 PROCURAT10Nrs]Lucr0sa
1984 1954 2056 1982 pro-

710 1872 718 1886 ¹
744 1868 793 1898 Νε
817 1869 969 1905 onerum]
988 1868 1100 1907 Neque
1117 1870 1209 1900 aliam
1230 1869 1364 1900 defen-c

669 1906 790 1951 {ionem
809 1908 846 1937 ab
872 1907 930 1953 iis,
952 1908 1062 1947 quibus
1083 1908 1134 1952 ista
1155 1909 1340 1945 noscentur,

669 1957 842 1983 exegerim,
863 1956 956 1985 quam
980 1955 1013 1977 ut
1038 1956 1191 1991 patiantur
1209 1958 1258 1978 me
1273 1959 1339 1978 non

668 1986 747 2016 adeo
780 1985 874 2017 odisse
905 1994 967 2016 tam
994 1986 1126 2025 segniter
1158 1996 1320 2026 pereuntes
1332 2012 1340 2024 ,

669 2034 703 2054 nt
721 2026 865 2065 indignos
879 2035 932 2056 eos
945 2027 1251 2057 commemoratione
1265 2037 1339 2057 cen-

669 2064 800 2094 suerim:
817 2065 1083 2104 quemadmodum
1107 2068 1186 2096 redte
1207 2066 1341 2104 explicat

668 2104 774 2133 Illustr.
796 2104 934 2134 Huetius.
957 2104 1036 2135 Vide
1053 2105 1151 2135 Notas
1169 2106 1202 2136 δε
1224 2106 1339 2136 Emen-

669 2143 811 2173 dationes
837 2144 875 2173 ad
894 2144 1003 2174 Annal.
1020 2146 1110 2179 XVI,
1129 2148 1175 2175 16.

710 2186 720 2198 ²
744 2183 921 2212 chmraTt
937 2194 1114 2214 §maroam
1129 2186 1140 2222 ]
1154 2185 1227 2213 Non
1247 2184 1339 2223 equi·

670 2222 742 2252 dem
768 2221 942 2256 senatores.
968 2222 1017 2252 sed
1049 2222 1167 2261 equites
1196 2223 1338 2258 illustres,

670 2261 780 2298 opibus
804 2271 838 2290 ac
857 2261 1019 2297 splendore
1040 2262 1138 2292 cuivis
1161 2263 1337 2293 senatorum

668 2311 752 2338 pares
764 2324 771 2334 ,
794 2309 826 2330 ut
843 2303 921 2330 redte
938 2301 1080 2331 observat
1100 2301 1229 2340 Lipsius.

709 2345 716 2363 3
737 2341 919 2369 Pufffcws
940 2343 1125 2378 PRAETORH]
1144 2341 1336 2380 Crispinum,

666 2377 840 2415 ptaefec‘tum
855 2379 989 2417 praetorii
1000 2403 1010 2416 ‚
1027 2379 1162 2411 vidimus
1175 2381 1262 2419 supra
1274 2383 1338 2410 An-

665 2417 726 2445 nal.
746 2418 785 2445 xl
801 2440 809 2451 ‚
831 2428 854 2445 1.

703 2460 718 2478 4
740 2456 771 2483 lu
786 2457 935 2485 Sturum&
944 2469 964 2486 M
984 2460 1148 2497 macrus]
1166 2461 1205 2492 Ut
1221 2459 1336 2492 dietum

665 2493 705 2525 est
728 2493 813 2533 supra
831 2496 943 2527 Annal.
965 2497 1020 2528 XV
1034 2520 1043 2536 ,
1069 2509 1120 2536 7¹·

1382 1995 1558 2017 curatorum
1599 1985 1722 2015 Caesaris
1759 1984 1860 2014 officia
1897 1984 2057 2023 agitabant

1382 2026 1501 2065 equites
1521 2026 1555 2056 ὃς
1580 2024 1697 2055 liberti.

1420 2071 1432 2090 7
1454 2066 1590 2095 GRANDE
1618 2073 1834 2095 ΛωυΜεκτυΜ
1859 2069 2057 2093 ειΑκιτυοιέ

1383 2115 1428 2134 le
1443 2105 1457 2141 ]
1475 2105 1544 2134 Haec
1559 2103 1686 2133 audiant
1705 2103 1825 2132 Lucani
1845 2102 1947 2132 osores
1961 2125 1969 2138 ‚
1987 2102 2053 2132 eos-

1380 2154 1439 2182 que
1464 2143 1681 2174 convitiorum
1704 2143 1825 2178 pudeat.
1853 2142 1942 2172 Novi
1965 2142 2054 2180 equi-

1381 2184 1451 2213 dem
1471 2182 1676 2213 adolescentis
1695 2190 1813 2218 poerae,
1829 2180 1927 2218 patrui
1945 2180 2054 2210 aetatis-

1379 2233 1439 2260 que
1457 2222 1512 2252 suae
1538 2221 1660 2251 auribus
1680 2220 1771 2250 nimis
1794 2219 2024 2250 accommodati
2040 2242 2051 2253 ,

1379 2262 1478 2299 vitia;
1497 2261 1547 2291 sed
1563 2261 1690 2299 grandes
1703 2259 1801 2289 sensus
1812 2283 1820 2295 ‚
1833 2267 1938 2289 vetere
1950 2258 2052 2288 Roma

1380 2301 1490 2339 dignos
1499 2324 1507 2334 ,
1520 2302 1553 2331 ὃ(
1565 2299 1768 2331 fecundandis
1779 2297 2049 2337 ingeniishabiles,

1379 2340 1522 2373 suspicio.

1403 2380 1413 2399 ⁸
1425 2381 1495 2409 REM
1512 2389 1710 2409 mmrmmzm
1728 2377 1938 2415 FJusJMagnas
1950 2376 2048 2406 Luca-

1378 2419 1409 2449 ni
1421 2429 1495 2455 opes
1508 2419 1611 2448 laudat
1625 2427 1751 2457 quoque
1760 2416 1902 2445 Juvenal.
1918 2416 1985 2452 Vll,
1995 2426 2046 2454 79.

1410 2470 1536 2493 Contentus
1550 2468 1620 2500 fami
1633 2470 1712 2501 jaceat
1722 2468 1828 2493 Lucanus
1839 2466 1863 2491 in
1873 2466 1946 2491 hortis

1409 2502 1558 2529 Marmorcis·

2090 898 2143 931 10,

2091 1213 2139 1252 15

2084 1529 2141 1556 20
