2223 3033
44 896 95 923 10

47 1211 94 1250 15

241 230 559 275 ANNALIUM
592 228 762 272 LIBER
796 228 1048 271 DECIMUS
1081 228 1308 271 SEXTUS.
1418 245 1439 270 2
1451 243 1468 281 ς
1478 245 1502 280 9

119 314 269 357 milites
287 346 300 366 ,
320 315 387 355 sed
418 312 589 370 populus
619 312 828 366 agrestium
852 311 1068 351 efficiendo
1097 313 1209 367 operi
1243 311 1473 367 adsumptus
1492 342 1503 362 ,
1530 334 1642 340 ———

121 380 283 421 tandem
313 377 436 433 posita
461 375 674 425 vecordia,
703 392 722 411 «
745 389 827 414 non
855 374 951 415 falsa
971 377 1063 415 ante
1086 376 1238 416 somnia
1264 375 1359 425 sua,
1386 376 1502 429 seque

119 457 251 483 »tunc
279 442 450 496 primum
469 438 624 479 elusum
640 456 660 474 »
686 438 882 479 admirans
898 469 909 488 ,
936 438 1130 493 pudorem
1151 443 1191 479 ὃς
1208 453 1360 479 metum
1375 453 1503 479 morte

120 502 348 546 voluntaria
378 503 533 557 effugit.
571 502 748 556 Quidam
776 519 797 538 «
814 503 1016 551 vincium‚
1047 517 1094 542 ac
1121 514 1218 542 mox
1246 503 1504 555 dimissum»,

121 568 319 610 tradidere
335 596 346 616 ‚
370 583 391 602 «
408 566 601 621 ademptis
627 565 742 605 bonis
765 566 805 605 in
829 565 969 606 locum
982 567 1098 620 regia:
1120 580 1224 619 gaza:
1242 583 1283 606 »,

183 632 264 672 IV.
297 631 512 670 INTEREA
536 629 692 669 senatus
709 659 720 678 ‚
736 631 961 685 propinquo
975 627 1053 681 jam
1068 628 1215 669 lustrali
1242 630 1459 670 certamine
1478 636 1508 682 ¹,

122 709 168 736 ut
184 694 357 735 dedecus
372 706 569 734 averteret
583 697 596 712 ²
607 723 620 742 ‚
641 693 760 733 offert
778 693 1016 749 Imperatori
1038 709 1059 729 «
1073 693 1279 733 vi&oriam
1304 694 1443 734 cantus
1459 712 1479 730 »
1490 723 1504 744 ‚

122 757 261 810 adjicit
275 774 295 794 »
317 756 511 797 facundiae
538 771 732 797 coronam
750 774 794 806 >›‚
822 755 898 810 quii
918 756 1070 797 ludicra
1096 756 1327 796 deformitas
1353 756 1508 797 velare-

123 837 201 862 rur.
229 820 309 861 Sed
332 821 473 870 Nero,
497 837 519 856 «
544 819 646 859 nihil
680 819 856 870 ambitu,
885 835 961 861 nec
989 821 1181 876 potestate
1217 820 1372 860 senatus
1407 834 1509 875 opus

125 885 233 924 »effe
247 902 268 921 »
301 883 482 924 diffitans
497 913 510 933 ‚
534 900 555 919 «
576 883 614 923 se
634 898 786 937 aequum
808 883 993 924 adversus
1025 882 1186 924 aemulos
1201 912 1213 933 ,
1241 887 1281 923 &
1312 882 1511 937 religione

122 946 335 1000 »judicum
370 948 551 987 meritam
574 945 735 987 laudem
760 947 1039 987 adsecuturum
1055 965 1098 997 »‚
1121 948 1250 1003 primo
1277 960 1436 987 carmen
1469 947 1511 985 in

124 1010 244 1053 scena
263 1012 428 1052 recitat:
458 1025 555 1051 mox
581 1011 787 1065 flagitante
814 1009 940 1065 vulgo
960 1015 969 1039 3
988 1041 1001 1061 ,
1029 1028 1049 1047 «
1067 1024 1110 1051 ut
1129 1012 1265 1050 onmia
1291 1009 1416 1050 studia
1445 1009 1511 1049 sua

123 1091 147 1113 »
159 1074 382 1131 publicaret
395 1091 416 1110 >>
427 1103 439 1124 ,
465 1078 476 1124 (
492 1076 576 1115 haec
596 1075 703 1114 enim
718 1073 839 1115 verba
855 1075 989 1115 dixere
1004 1079 1014 1123 )
1030 1074 1251 1129 ingreditur
1264 1075 1464 1113 theatrum
1480 1078 1514 1122 4,

127 1139 278 1179 cun'Ctis
301 1139 459 1178 cithara:
480 1136 636 1191 legibus
655 1137 934 1193 obtemperans
950 1142 985 1177 5:
1009 1152 1057 1177 ne
1080 1137 1195 1177 feffus
1222 1137 1407 1177 resideret
1423 1165 1436 1186 ,
1462 1150 1514 1176 ne

128 1201 339 1251 sudorem,
364 1201 435 1240 nisi
464 1199 534 1250 ea,
565 1216 685 1255 quam
716 1201 874 1241 indutui
908 1199 1097 1255 gerebat,
1125 1201 1230 1240 veste
1261 1200 1514 1253 detergeret:

127 1279 172 1305 ut
194 1262 306 1305 nulla
332 1266 439 1314 oris,
472 1277 539 1304 aut
569 1265 724 1304 narium
757 1278 1013 1306 excrementa
1040 1264 1275 1304 viserentur.
1311 1263 1516 1303 Postremo

168 1361 176 1376 ¹
204 1357 367 1386 Lusrmu
390 1357 799 1394 cERTAM1NE]Certamine
841 1357 946 1388 tellius
960 1380 968 1393 ‚
1002 1355 1179 1387 certaminis
1200 1354 1325 1394 praeses,
1355 1355 1389 1386 &c
1416 1354 1519 1393 postea

127 1395 354 1435 quinquennali
377 1419 386 1432 ,
422 1397 508 1436 quod
539 1396 674 1427 secundo
707 1398 798 1428 lustro
841 1399 1031 1435 Imperator,
1056 1404 1090 1425 ut
1111 1396 1280 1434 accipimus
1303 1405 1341 1424 ex
1362 1394 1518 1424 Suetonio

127 1436 318 1466 celebratum
339 1435 386 1465 est.
406 1437 445 1465 At
468 1436 541 1466 dum
559 1436 622 1466 haec
639 1436 728 1466 solita
749 1437 799 1466 suti
841 1437 874 1466 in
894 1436 1002 1467 Vitell.
1022 1436 1149 1466 IV.Cai0
1164 1445 1212 1471 per
1223 1432 1390 1473 aurigandi,
1405 1432 1520 1462 Claudio

127 1475 281 1506 brevitate
311 1474 486 1514 exsequitur
526 1475 653 1506 Tacitus
667 1499 677 1511 ,
702 1477 800 1506 multa
837 1487 887 1513 per
903 1474 1097 1514 aleaestudium
1111 1474 1278 1512 familiaris.
1301 1472 1357 1502 Sea
1379 1472 1521 1511 aliquanto

128 1514 267 1551 omittit,
280 1525 345 1553 quae
363 1525 401 1544 ex
413 1514 564 1545 Suetonio
581 1516 700 1545 tradere
719 1516 800 1546 haud

129 1553 187 1584 erit
200 1553 322 1584 inutile.
332 1553 401 1582 Cum
411 1554 505 1593 magni
518 1553 661 1593 aestimaret
674 1565 798 1591 cantare,

127 1593 211 1622 etiam
237 1592 328 1622 Romae
345 1593 501 1622 Neroneum
522 1604 613 1633 agona
631 1604 696 1623 ante
715 1596 800 1634 praes—

128 1633 239 1662 titutam
268 1632 337 1661 diem
369 1633 517 1662 revocavit.
550 1632 801 1674 Flagitantibusque

129 1672 234 1700 cunfflir
255 1671 381 1711 caelestem
400 1682 488 1701 vocem
501 1696 510 1709 ,
529 1673 663 1712 respondit
679 1674 797 1712 quidem,

127 1711 157 1741 in
171 1712 294 1750 hortisse
308 1712 411 1748 copiam
432 1711 583 1741 volentibus
590 1712 727 1750 fac'lurum
738 1714 802 1752 :secl

128 1750 282 1789 adjuvante
306 1751 381 1790 vulgi
401 1761 495 1788 precer
519 1761 601 1781 etiam
617 1752 738 1792 statione
755 1748 821 1782 mr-v

128 1790 225 1826 litum,
241 1801 298 1830 quae
317 1800 382 1820 tunc
403 1791 575 1829 excubabat,
590 1793 802 1830 repraesentatu-

126 1831 231 1868 rumse
253 1830 392 1866 paliitizas
413 1830 448 1869 est
466 1830 576 1860 libens:
597 1842 630 1860 ac
644 1832 708 1872 sine
730 1834 804 1861 morti

129 1880 225 1898 nomen
241 1870 322 1908 flium
337 1870 364 1897 in
389 1870 449 1899 albo
467 1870 653 1907 profitentium
677 1871 805 1901 citharoe-

127 1908 223 1938 dorum
241 1909 313 1949 juffit
338 1908 471 1948 adscribi,
489 1910 673 1949 sorticulaque
700 1912 728 1941 in
759 1923 805 1940 ur-

129 1959 195 1978 nam
214 1959 273 1977 cum
297 1950 395 1978 ceteris
423 1949 491 1978 demi
513 1950 548 1986 a,
572 1951 689 1980 intravit
713 1950 806 1980 oraine

119 1989 194 2028 fiio,
217 1987 351 2028 stmulque
379 1987 462 2025 praese
489 1989 498 2018 i
527 1991 650 2026 praetorii
672 1990 806 2019 citharam

123 2027 311 2067 sustinentes,
325 2027 379 2066 post
405 2028 507 2057 tribuni
529 2029 642 2058 militum
655 2053 663 2065 ‚
675 2031 807 2069 juxtaque

135 2068 282 2096 amicorum
314 2068 415 2098 intimi.
453 2068 539 2107 thue
562 2069 679 2108 constitit
700 2070 807 2106 peraeto

130 2106 286 2144 principio,
305 2107 414 2137 Nioben
430 2108 462 2146 se
482 2117 656 2138 cantaturum
672 2119 722 2145 per
740 2109 808 2139 Clu-

136 2146 211 2175 vium
224 2145 323 2183 Rufum
343 2146 505 2185 consularem
513 2148 703 2184 pronuntiavit
714 2173 723 2185 ,
736 2148 766 2178 Cr
779 2150 807 2178 in

133 2184 227 2215 horam
235 2184 296 2222 fere
314 2185 445 2215 decimam
454 2187 636 2225 perseveravit
646 2201 655 2217 :
670 2198 809 2217 coronam-

132 2235 183 2264 que
203 2234 261 2253 eam
288 2224 318 2254 Cr
334 2225 460 2264 reliquam
484 2228 644 2257 certaminis
660 2237 764 2264 partem
780 2228 807 2257 in

134 2275 237 2294 annum
245 2265 400 2303 sequentem
414 2264 528 2304 distulit,
549 2276 578 2295 ut
598 2267 694 2304 soepius
709 2277 811 2295 canen-

133 2303 164 2333 di·
187 2303 288 2344 occafio
306 2304 376 2344 effer.
399 2306 527 2335 Sueton.
542 2306 575 2336 in
589 2302 669 2336 Ner.
687 2308 770 2336 XXI.

175 2349 187 2363 ²
210 2346 255 2374 Ur
272 2354 411 2374 venacus
427 2348 644 2383 AVERTERET]
659 2347 700 2376 Ut
719 2346 811 2376 dede-

136 2393 191 2413 cus
205 2383 355 2414 cantaturi
375 2383 523 2422 Principis
541 2392 704 2415 averteret.

177 2427 186 2447 3
211 2423 414 2454 Pramum-r,
438 2426 573 2461 vor-co]
606 2424 758 2462 Quamvis
780 2423 812 2453 id

139 2471 267 2499 cuperet
288 2463 394 2498 Nero,
419 2463 452 2493 δί
482 2463 656 2502 flagitarent
681 2474 812 2499 omnes,

840 1515 948 1546 Neroni
964 1515 1100 1551 acceptior
1111 1538 1120 1551 ,
1138 1515 1198 1543 cum
1206 1522 1316 1550 propter
1331 1511 1423 1542 eadem
1441 1512 1520 1549 haec,

841 1566 896 1584 tum
906 1554 1040 1591 peculiari
1052 1554 1145 1583 merito
1156 1567 1165 1582 .·
1188 1552 1256 1593 quod
1268 1551 1414 1592 praefidens
1431 1561 1520 1580 certa-

840 1596 907 1625 mini
919 1595 1066 1631 Neroneo,
1090 1594 1241 1630 cupientem
1259 1593 1330 1621 inter
1355 1591 1521 1621 citharoedos

842 1630 1522 1673 contendere,nec‚quamvisflagitantibuscurzfflis,

842 1675 997 1712 promittere
1011 1673 1154 1702 audentem
1165 1695 1174 1708 ‚
1188 1671 1297 1710 ideoque
1309 1672 1435 1711 egreſjum
1446 1670 1522 1699 thea-

843 1725 883 1744 tro
901 1723 1098 1750 revocaverat,
1120 1711 1194 1752 quast
1212 1711 1415 1750 perseverantis
1430 1710 1523 1747 populi

843 1753 1114 1794 legationeficsceptti,
1123 1750 1341 1789 exorandumque
1350 1750 1519 1786 praebuerat.

883 1799 897 1817 4
912 1795 1110 1823 Inonamrmz
1124 1792 1318 1827 THEATRUM]
1331 1792 1365 1820 In
1378 1789 1479 1825 scena,
1490 1789 1524 1820 id

845 1833 884 1863 est
900 1832 932 1862 in
945 1832 1128 1871 proscenio,
1148 1832 1199 1861 seu
1219 1830 1362 1869 pulpito,
1383 1829 1524 1860 scenico-

845 1883 912 1902 rum
928 1882 1016 1902 more
1029 1895 1038 1906 ,
1064 1881 1188 1902 carmen
1205 1870 1389 1900 recitaverat
1414 1870 1499 1898 Nero
1513 1878 1523 1896 t

844 1923 921 1942 mox
934 1913 1083 1951 egrefl'um
1095 1918 1265 1941 revocante
1273 1908 1405 1940 Vitellio
1416 1929 1427 1951 '.
1438 1907 1525 1952 theg]-

846 1960 945 1986 trum,
973 1951 1023 1981 seu
1041 1951 1243 1985 orchestram,
1262 1948 1445 1990 conscendit
1458 1971 1466 1984 ,
1490 1957 1525 1991 ¹,ss

844 1991 905 2030 quai
926 1990 1109 2030 thymelici,
1135 1990 1198 2020 hoc
1220 1989 1261 2019 est
1282 1987 1468 2022 citharoedi,
1484 1994 1525 2017 ti-

843 2030 981 2067 bicines,
1004 2031 1038 2061 &
1061 2027 1294 2068 symphoniaci,
1308 2026 1446 2057 actiones
1460 2026 1526 2056 suas

845 2070 1034 2109 praestabant.
1050 2069 1095 2099 De
1106 2069 1151 2098 his
1165 2066 1276 2098 theatri
1287 2066 1423 2105 partibus
1436 2065 1526 2104 plura

846 2110 919 2140 vide
932 2109 1013 2147 apud
1033 2108 1214 2139 Vitruvium
1225 2130 1234 2141 ‚
1254 2108 1279 2136 V
1290 2129 1298 2141 ,
1319 2111 1337 2135 6
1350 2106 1384 2136 δί
1401 2105 1486 2144 seqq.

888 2155 895 2175 5
922 2151 1158 2179 Ossrtmrrrznns
1182 2148 1196 2184 ]
1223 2147 1352 2175 Suet-on.
1388 2144 1420 2174 in
1449 2145 1528 2174 Ner.'

847 2190 958 2219 XXIV.
975 2187 1008 2216 In
1022 2185 1151 2216 certando
1170 2186 1232 2214 vero*
1244 2184 1284 2213 ita
1294 2183 1348 2224 legi
1361 2183 1503 2212 obediebat
1515 2207 1526 2220 ‚

849 2236 878 2255 ut
889 2237 1033 2266 numquam
1055 2235 1185 2255 excreare
1207 2224 1306 2263 austu,
1319 2222 1444 2263 ficdorem
1463 2233 1527 2261 quo-

846 2266 1008 2304 quefrontis
1031 2265 1141 2294 brachio
1161 2263 1312 2303 detergeret
1323 2276 1332 2292 .·
1349 2272 1428 2301 atque
1442 2262 1527 2291 etiam

848 2303 875 2334 in
901 2306 1007 2345 tragico
1027 2304 1139 2343 quodam
1157 2303 1235 2339 abiu,
1257 2304 1315 2331 cum
1340 2302 1455 2341 elapfizm
1475 2301 1527 2331 ba-

849 2345 935 2374 culum
955 2344 1007 2373 cito
1025 2343 1209 2383 resumpsi-Uet,
1225 2341 1342 2379 pavidus
1359 2341 1388 2371 Cr
1404 2351 1527 2370 metuens

849 2395 882 2413 ne
895 2383 926 2413 ob
940 2383 1062 2413 delifbum
1073 2383 1439 2421 certaminesummoveretur
1449 2405 1457 2417 ‚
1470 2390 1525 2409 nort

850 2423 931 2453 aliter
947 2423 1123 2462 confirmatus
1140 2422 1176 2462 el}
1187 2446 1195 2459 ,
1221 2423 1298 2459 quim
1317 2420 1464 2459 adjurante
1477 2420 1524 2459 hy-

847 2463 953 2500 pocrita
966 2487 974 2498 ,
984 2473 1036 2491 non
1049 2461 1265 2499 animadverflcm
1275 2460 1303 2490 id
1319 2461 1392 2491 inter
1403 2459 1531 2500 exsulta-

138 2500 241 2538 pudor
257 2508 359 2533 tamen
377 2502 553 2535 retinebat:
576 2513 648 2535 eum
660 2503 737 2536 vicit
755 2502 812 2536 Vi·
850 2503 936 2534 tiones
943 2502 1220 2544 acclamationesque
1230 2499 1331 2537 populi.

1193 2543 1320 2597 Kkij

1529 374 1652 398 A.U.C.

1551 419 1622 447 318.

1547 476 1568 498 J.
1589 476 1620 499 C.

1560 522 1612 555 65.
