2223 3033
666 204 755 240 266
916 199 963 240 C.
1031 197 1436 240 CORNELII
1499 197 1809 242 TACITI

664 281 814 321 deflent
828 309 840 330 ,
866 280 964 336 saepe
986 280 1130 320 eodem
1150 296 1252 336 rogo
1270 281 1560 323 cremabantur.
1582 281 1773 336 Equitum
1801 282 2051 326 senatorum-

524 337 554 359 Α·
568 336 638 360 uc.
666 359 741 398 que
758 345 939 384 interitus
954 373 967 394 ,
997 345 1176 398 quamvis
1197 346 1443 401 promiscui,
1464 347 1593 387 minus
1611 345 1765 387 flebiles
1789 361 1927 398 erant,
1950 362 2050 388 tam-

549 402 622 462 J.c.·
664 423 782 462 quam
817 409 1023 448 communi
1054 408 1298 449 mortalitate
1324 410 1512 450 saevitiam
1543 411 1738 467 Principis
1773 413 2051 466 praevenirent.

554 484 605 519 65.
661 471 819 512 Eodem
841 486 946 511 anno
961 470 1134 513 dele&us
1157 487 1224 527 per
1244 471 1420 513 Galliam
1438 473 1745 514 Narbonensem
1758 504 1771 524 ‚
1788 475 2049 530 Africamque

663 539 702 575 ὃ(
718 535 850 574 Afiam
866 534 992 575 habiti
1006 535 1095 576 sunt
1111 566 1123 585 ‚
1150 535 1379 591 supplendis
1393 534 1548 590 Illyrici
1561 535 1790 592 legionibus
1804 567 1816 587 ‚
1843 553 1892 577 ex
1907 539 2048 592 quibus
2107 551 2130 591 5

662 611 774 638 :crate
797 611 865 638 aut
897 597 1129 639 valetudine
1147 598 1229 638 fessi
1252 629 1265 649 ,
1298 599 1546 641 sacramento
1578 600 1850 641 solvebantur.
1878 600 2048 643 Cladem

662 661 975 716 Lugdunensem
995 668 1004 684 ¹
1026 663 1259 717 quadragies
1281 663 1454 703 sestertio
1477 667 1490 683 ²
1511 663 1657 706 solatus
1676 665 1728 704 est
1755 665 1944 721 Princeps
1963 696 1976 716 ,
2002 679 2050 706 ut

661 725 795 766 amissa
829 725 917 765 urbi
936 738 1177 781 reponerent
1201 743 1208 764 :
1245 741 1363 780 quam
1390 729 1602 782 pecuniam
1639 728 1929 783 Lugdunenses
1955 729 2049 771 ante

663 787 892 829 obtulerant
917 794 926 816 ³
957 788 1125 830 turbidis
1148 788 1310 831 cafibus.

522 859 636 879 ⁵:⁴²
724 852 851 893 XIV.
887 852 934 892 C.
968 854 1233 895 SUETomo
1250 884 1262 903 ‚
1286 855 1335 894 L.
1351 852 1539 895 Telesino
1557 853 1787 896 consulibus
1800 853 2047 905 4‚Antistius
2082 869 2134 896 10

607 967 615 973 ι
661 915 846 956 Sosianus
860 945 872 965 ‚
895 915 1078 956 faciitatis
1094 918 1134 956 in
1154 919 1364 958 Neronem
1382 917 1622 959 carminibus
1644 918 1839 973 probrosis
1853 948 1867 969 ,
1888 918 2047 970 exfilio,

546 999 567 1022 J.
582 998 612 1022 c.
663 992 707 1019 ut
730 979 813 1020 dixi
844 983 887 1029 5,
915 979 1105 1021 multatus
1122 1011 1134 1031 ,
1160 982 1365 1036 postquam
1384 982 1423 1022 id
1440 983 1604 1022 honoris
1632 981 1830 1022 indicibus
1847 1011 1860 1032 ,
1884 995 2051 1037 tamquev

549 1044 601 1072 66.
663 1056 895 1099 promptum
926 1043 974 1084 ad
1002 1044 1125 1084 caedes
1157 1045 1385 1100 Principem
1417 1047 1603 1100 accepit,
1635 1047 1787 1099 inquies
1814 1046 1978 1096 animo,
2005 1050 2048 1086 ὃ(

664 1106 921 1146 occasionum
937 1107 1043 1147 haud
1067 1107 1196 1161 segnis
1213 1138 1225 1157 ‚
1247 1109 1506 1148 Pammenem
1522 1138 1534 1158 ‚
1555 1106 1730 1159 ejusdem
1748 1108 1829 1149 loci
1845 1107 2046 1159 exsulem,

662 1173 702 1210 ὅ(
736 1168 1019 1210 Chaldaeorum
1050 1184 1132 1211 arte
1164 1171 1362 1212 famosum
1394 1202 1407 1222 ,
1446 1171 1576 1225 eo'que
1608 1171 1827 1212 multorum
1861 1173 2047 1213 amicitiis
2083 1181 2133 1222 15

660 1234 854 1273 innexum
869 1263 883 1284 ‚
903 1232 1159 1275 similitudine
1177 1235 1344 1276 fortuna:
1360 1235 1428 1276 fibi
1444 1233 1650 1277 conciliat.
1667 1237 1876 1276 ventitare
1892 1235 1941 1276 ad
1957 1250 2049 1276 eum

662 1298 825 1337 nuntios
840 1327 852 1346 ,
878 1301 918 1337 &
935 1296 1252 1339 consultationes
1269 1298 1286 1321 ⁶
1306 1315 1388 1340 non
1411 1299 1548 1339 frustra
1576 1312 1681 1339 ratus
1699 1329 1710 1348 ‚
1734 1297 1848 1338 fimul
1875 1314 2048 1339 annuam

660 1361 875 1415 pecuniam
909 1376 929 1401 a
957 1362 1000 1401 P.
1033 1362 1184 1403 Anteio
1216 1363 1422 1403 ministrari
1451 1363 1676 1417 cognoscit.
1697 1364 1843 1416 Neque
1867 1362 2048 1403 nescium

659 1422 833 1464 habebat
846 1453 858 1474 ‚
887 1424 1081 1465 Anteium
1103 1427 1267 1466 caritate
1283 1427 1512 1482 Agrippinae
1530 1426 1703 1466 invisum
1719 1426 1904 1475 Neroni,
1932 1425 2048 1481 opes-

662 1501 738 1539 que
755 1485 838 1538 ejus
859 1490 1074 1544 praecipuas
1094 1489 1142 1529 ad
1159 1488 1399 1530 eliciendam
1417 1489 1648 1545 cupidinem
1662 1519 1675 1539 ,
1703 1503 1869 1542 eamque
1887 1488 2046 1529 causam
2077 1509 2134 1534 20

660 1548 799 1590 multis
812 1551 938 1592 exitio
955 1551 1043 1592 esse.
1059 1552 1187 1606 Igitur
1199 1553 1433 1609 interceptis
1447 1554 1585 1593 Anteii
1598 1552 1742 1602 literis,
1758 1551 1908 1592 furatus
1925 1552 2046 1592 etiam

661 1611 822 1654 libellos
852 1643 865 1664 ,
906 1614 1047 1668 quibus
1075 1615 1158 1657 dies
1189 1616 1374 1671 genitalis
1403 1614 1487 1667 ejus
1512 1646 1526 1667 ‚
1562 1620 1603 1657 δε
1629 1629 1820 1656 eventura
1839 1645 1853 1666 ‚
1883 1615 2051 1657 secretis.

702 1726 710 1740 ¹
739 1723 877 1752 CLADEM
915 1724 1156 1755 Lucnunrnsrsm
1180 1727 1194 1762 ]
1239 1726 1333 1756 Anno
1372 1725 1424 1755 ries
1454 1724 1589 1764 (redistis
1607 1725 1641 1756 ὃς
1655 1724 1782 1764 quidem
1804 1723 1899 1768 latine
1910 1723 2042 1767 quadrin-

660 1761 697 1790 U.
716 1762 753 1790 C.
769 1773 878 1792 Dccxr.
895 1763 1057 1794 coloniam
1070 1765 1261 1804 Lugdunum
1277 1765 1335 1796 de-
1369 1765 1491 1805 genries)
1502 1765 1710 1795 contendunt.
1721 1764 1983 1802 Quadringenties
1992 1763 2047 1793 ses-

663 1800 793 1843 duxerat
820 1802 857 1831 L.
891 1803 1046 1833 Munatius
1076 1805 1227 1840 Plancus,
1261 1805 1334 1835 teste
1373 1804 1782 1836 tertiumefficiuntGallicae
1794 1802 2050 1840 monetaelibrasr

661 1839 767 1870 Dione
785 1841 897 1871 XLVI.
913 1852 980 1881 pag.
997 1852 1064 1880 323.
1078 1844 1112 1874 &
1132 1852 1238 1873 vetere
1255 1844 1334 1882 lapi-
1373 1848 1551 1884 7‚782,010.

662 1879 701 1909 de
715 1903 723 1916 ,
749 1889 842 1919 quem
863 1880 967 1911 laudat
985 1883 1015 1912 P.
1039 1882 1076 1912 de
1092 1882 1230 1913 Colonia
1242 1905 1251 1917 ‚
1273 1884 1336 1922 His:
1413 1890 1423 1910 ³
1439 1886 1523 1915 Aura
1546 1883 1780 1920 OBTULERANT]
1800 1880 1869 1913 Caii
1884 1888 1937 1910 aut
1954 1880 2047 1910 Clau-

662 1918 872 1949 toirelictdraire
883 1919 912 1949 fr
922 1920 1079 1960 Anriquicffs
1090 1920 1122 1950 de
1132 1921 1226 1961 Lym,
1239 1923 1333 1953 Tom.
1373 1923 1415 1953 dii
1430 1923 1635 1962 temporibus.
1654 1923 1756 1959 Quam
1771 1922 1956 1964 opulentum
1975 1919 2046 1950 fue-

662 1959 685 1987 1.
715 1968 781 1997 pag.
811 1962 839 1990 8.
862 1961 976 1991 Urbem
1009 1960 1088 1991 hanc
1120 1961 1335 2000 pulcherrimis
1373 1963 1413 1993 rit
1435 1963 1625 2001 Lugdunum
1648 1962 1742 1991 docet
1758 1961 1795 1991 de
1811 1959 2052 1996 Colon1a‚loc.

663 1998 809 2035 operibus
839 1999 982 2030 refertam
999 2024 1008 2038 ‚
1031 2009 1120 2031 atrox
1153 2000 1334 2032 incendium
1372 2002 1424 2033 cit.
1440 2012 1506 2040 pag.
1525 2012 1558 2039 33
1575 2002 1609 2032 ὃς
1622 2001 1706 2040 seqq.

661 2037 723 2066 una
748 2040 839 2068 nodie
868 2039 990 2078 penitus
1016 2039 1138 2070 abstulit
1155 2063 1163 2077 ,
1188 2050 1273 2072 anno
1295 2042 1333 2071 ab
1411 2043 1470 2071 4L.
1484 2042 1645 2071 Tmrsmo
1655 2050 1840 2071 consumans
1855 2040 2053 2077 ]C.Sueto-ss

659 2075 783 2115 origine
821 2078 955 2109 coloniae
995 2079 1163 2110 centesimo
1180 2103 1188 2115 .,
1222 2082 1258 2110 U.
1296 2082 1333 2110 C.
1373 2080 1441 2111 nius
1461 2080 1617 2110 Paullinus
1635 2081 1669 2111 δε
1685 2081 1722 2110 C.
1743 2079 1858 2109 Lucius
1885 2077 2045 2122 Telesinus

662 2126 781 2147 Dcccxr
793 2140 801 2152 ‚
812 2126 845 2147 ut
860 2117 942 2153 fuse,
958 2117 1007 2148 sed
1018 2118 1206 2157 ingeniosius
1221 2143 1230 2156 ‚
1241 2121 1334 2159 quam
1373 2121 1514 2151 consules
1548 2119 1633 2150 fuere
1668 2130 1751 2150 anno
1784 2118 1873 2149 Urbis
1909 2117 2046 2162 condltae

660 2165 725 2185 rem
741 2156 820 2186 adeo
836 2157 1004 2188 luetuosam
1026 2158 1114 2189 decet
1127 2183 1135 2195 ‚
1162 2168 1262 2189 narrat
1285 2161 1334 2190 Se·
1374 2171 1524 2190 occcxrx.
1543 2160 1610 2190 Jesu
1625 2158 1734 2189 Christi
1757 2162 1807 2189 66.
1820 2159 1855 2188 In
1868 2165 1967 2187 veteri
1979 2156 2044 2186 Ins-

659 2204 737 2224 neca
751 2196 805 2233 Ep.
826 2198 909 2226 XCI.
924 2196 1063 2228 Plurimae
1081 2198 1190 2228 effoffae
1206 2198 1274 2229 sunt
1288 2198 1335 2229 fu-
1373 2199 1528 2238 criptione
1557 2200 1637 2238 apud
1667 2200 1835 2230 Gruterum
1867 2206 1933 2235 pag.
1964 2206 2044 2226 mcu-

658 2233 811 2264 nestisfimi
835 2235 924 2273 hujus
954 2236 1094 2267 incendii
1115 2237 1208 2268 ruinae
1223 2261 1232 2272 ‚
1259 2248 1331 2278 quas
1371 2249 1458 2270 num.
1479 2251 1507 2276 4.
1529 2239 1565 2268 C.
1590 2240 1732 2268 LVCIO.
1757 2236 1977 2267 TELESINO.
2003 2236 2042 2265 C.

659 2273 767 2304 videre
784 2274 824 2304 est
844 2276 924 2314 apud
951 2277 1095 2307 eumdem
1118 2277 1155 2307 de
1172 2278 1330 2315 Colonia,
1371 2279 1592 2309 SUETONIO.
1612 2278 1809 2308 PAVLINO.
1837 2277 1926 2306 COS.

659 2311 720 2341 loc.
737 2313 788 2343 cit.
808 2324 874 2353 pag.
897 2317 953 2353 143
967 2316 1001 2346 ὃς
1015 2315 1097 2356 seqq.
1412 2324 1420 2345 5
1445 2320 1489 2349 UT
1508 2318 1606 2354 D1x1]
1631 2318 1725 2356 Supra
1748 2315 1858 2359 Annal.
1879 2315 1968 2348 xlv,
1989 2315 2041 2357 48·

697 2356 709 2369 ²
733 2354 945 2388 Qusoniauzs
969 2359 1169 2395 sfsriznrro]
1203 2357 1330 2388 Gallicae
1409 2360 1423 2377 ⁶
1445 2359 1753 2394 Consummoms]
1769 2357 1899 2398 Magicas
1919 2353 2042 2396 consul5

658 2398 793 2434 nionerae
818 2393 903 2423 libris
923 2397 1070 2434 778,315.
1093 2397 1162 2427 Nec
1182 2398 1329 2428 audiendi
1371 2397 1515 2428 tationes.
1543 2396 1622 2427 Proh
1656 2396 1761 2426 stultos
1792 2395 1954 2436 homines,
1986 2401 2046 2430 ‘lm'

659 2429 786 2471 Paradm
803 2432 836 2461 ὃ(
853 2433 939 2463 Saint
958 2434 1062 2464 Aubin
1074 2459 1082 2471 ,
1099 2435 1151 2475 qui
1166 2436 1267 2467 nimio
1279 2448 1332 2467 ur·
1371 2437 1527 2475 praescntia
1557 2438 1643 2467 bona
1673 2434 1817 2465 incuriosi
1851 2432 2014 2476 nssghf-'Pm
2030 2454 2041 2465 s

658 2468 704 2499 bis
728 2468 785 2500 suae
801 2470 900 2502 studio
921 2474 1150 2507 emendandum
1168 2485 1330 2516 quatercen-
1369 2477 1449 2508 mala
1469 2477 1543 2516 saepe
1560 2476 1640 2508 haud
1652 2483 1782 2507 ventura
1797 2472 1851 2513 ipsi
1863 2472 2014 2504 arcessunt
2030 2469 2041 2500 !
