2223 3033
511 316 624 323 -—-—

510 344 539 367 A.
552 344 579 365 U.
592 343 622 367 C.

531 389 602 416 318.

535 449 557 471 J.
570 448 598 471 C.

543 493 593 529 65.

648 220 735 257 240
916 204 964 244 G,
1032 203 1448 245 CORNELII
1512 202 1805 245 TACITI

648 287 782 327 secum
799 284 950 326 servilis
972 287 1124 326 animus
1139 287 1294 341 przemia
1313 286 1481 342 perfidi-1:
1496 287 1696 341 reputavit
1710 316 1721 335 ,
1743 283 1932 339 simulque
1955 285 2022 325 im-

646 349 781 390 mensa
796 350 966 404 pecunia
987 352 1027 388 &
1050 351 1229 404 potentia
1251 349 1559 390 obversabantur
1581 380 1592 399 ,
1620 349 1726 389 cessit
1747 349 1802 389 fas
1821 379 1832 399 ,
1858 353 1898 388 ὅ(
1919 347 2021 389 salus

649 414 832 469 patroni,
855 417 895 452 ὅ(
909 425 1081 467 acceptat
1098 411 1288 453 libertatis
1304 414 1508 452 memoria.
1531 412 1692 452 Etenim
1710 414 1843 453 uxoris
1861 426 2021 465 quoque

652 475 860 517 confilium
895 474 1186 530 adsumpserat,
1215 475 1407 515 muliebre
1427 491 1471 515 ac
1489 475 1660 515 deterius
1687 493 1694 514 :
1729 477 1875 530 quippe
1913 474 2020 515 ultro

650 552 802 579 metum
827 537 1076 588 intentabat,
1104 537 1367 591 «multosque
1393 538 1573 578 adstitisse
1592 537 1757 578 libertos
1777 553 1823 578 ac
1849 538 1981 578 servos
2008 566 2021 588 ‚

651 603 751 655 »qui
776 601 916 642 eadem
939 602 1112 641 viderint
1144 619 1151 640 :
1186 600 1285 640 nihil
1313 601 1564 656 profuturum
1586 602 1701 641 unius
1728 598 1925 640 silentium
1953 617 1960 639 :
1985 614 2024 641 at

652 666 840 720 »praemia
856 679 976 720 penes
992 679 1114 704 unum
1130 664 1214 704 fore
1227 694 1239 713 ,
1269 665 1334 717 qui
1351 663 1501 704 indicio
1519 663 1760 719 praevenisset
1776 681 1796 700 »
1809 695 1818 704 .

714 729 804 770 LV.
839 729 951 767 IGIT
962 740 987 767 U
998 741 1021 767 R
1037 758 1049 777 ,
1064 727 1196 782 coepta
1211 726 1324 777 luce,
1338 725 1534 767 Milichus
1549 728 1588 766 in
1604 728 1740 767 hortos
1754 724 1997 768 Servilianos
2008 731 2018 747 ¹

651 793 783 847 pergit
798 805 808 838 ;
833 795 873 832 ὃ(
893 793 984 832 cum
998 790 1147 831 foribus
1162 804 1374 839 arceretur,
1397 807 1418 826 <c
1435 805 1600 845 magna,
1616 794 1655 830 ἃ
1670 792 1819 830 atrocia
1835 789 2015 829 adferre»

2080 544 2103 584 5

653 855 834 896 diffitans
850 885 862 905 ,
887 854 1152 907 deductusque
1195 853 1241 894 ab
1270 852 1504 905 janitoribus
1535 853 1583 893 ad
1610 852 1798 893 libertum
1819 853 2023 902 Neronis,
2060 866 2111 894 10

651 917 972 974 Epaphroditum
991 921 1019 968 ²,
1034 931 1130 958 mox
1150 915 1196 957 ab
1215 931 1263 957 eo
1278 916 1326 957 ad
1346 918 1554 959 Neronem
1570 946 1583 967 ,
1607 930 1751 970 urgens
1774 914 1995 971 periculum
2011 944 2025 965 ,

653 996 794 1035 graves
822 979 1120 1033 conjurationes
1145 1010 1157 1030 ,
1190 984 1229 1020 ὅ(
1252 993 1384 1020 cetera
1418 995 1500 1033 quae
1531 979 1708 1020 audierat
1736 1008 1748 1028 ,
1775 976 2026 1030 comeciam-

656 1057 793 1098 ratque
810 1074 822 1094 ,
849 1044 982 1085 docet.
995 1042 1142 1084 Telum
1157 1057 1314 1096 quoque
1330 1045 1371 1082 in
1388 1057 1530 1084 necem
1547 1041 1629 1094 ejus
1646 1056 1825 1098 paratum
1836 1041 2027 1091 ostendit,

656 1108 858 1160 accirique
886 1122 998 1147 reum
1018 1105 1133 1158 jussit.
1166 1106 1203 1146 Is
1229 1119 1362 1161 raptus
1391 1120 1460 1161 per
1486 1105 1659 1154 milites,
1687 1109 1727 1145 ὅ(
1755 1104 2026 1145 defensionem

655 1170 785 1220 orsus,
808 1187 829 1207 (ς
845 1171 1033 1219 Ferrum,
1054 1167 1164 1220 cujus
1182 1182 1431 1223 argueretur,
1452 1167 1551 1209 olim
1577 1167 1771 1222 religione
1792 1165 1914 1222 patria
1943 1165 2026 1208 cul·
2063 1180 2112 1221 15

655 1247 796 1282 mum,
825 1237 864 1273 ὅ(
882 1234 922 1272 in
939 1231 1130 1273 cubiculo
1150 1231 1354 1282 habitum,
1380 1247 1426 1273 ac
1452 1232 1589 1272 fraude
1609 1230 1742 1271 liberti
1758 1230 1986 1285 subreptum
2000 1247 2020 1267 »

657 1296 874 1352 respondit.
913 1312 934 1332 «
955 1294 1130 1336 Tabulas
1166 1296 1389 1335 testamenti
1419 1295 1553 1351 saepius
1579 1310 1599 1334 a
1623 1294 1661 1334 se
1680 1323 1692 1343 ‚
1725 1297 1764 1334 ὃς
1791 1290 2030 1334 incustodita

659 1376 682 1396 »
693 1360 846 1400 dierum
864 1357 1160 1407 observatione,
1176 1358 1357 1412 signatas.
1371 1359 1563 1399 Pecunias
1580 1362 1620 1397 ὅ(
1641 1356 1842 1397 libertates
1855 1356 1973 1396 servis
1989 1360 2030 1396 ὅ(

658 1423 782 1463 »ante
803 1423 911 1462 dono
939 1422 1067 1462 datas:
1083 1421 1150 1461 sed
1169 1421 1260 1462 ideo
1277 1436 1373 1462 tunc
1388 1420 1534 1475 largius
1547 1451 1560 1471 ,
1583 1421 1673 1474 quia
1690 1421 1801 1460 tenui
1815 1418 1894 1471 jam
1914 1434 1954 1459 re
1968 1418 2027 1459 fa-

659 1485 837 1525 »miliari
855 1515 868 1535 ,
898 1483 1190 1525 &instantibus
1219 1484 1480 1525 creditoribus
1502 1513 1515 1533 ,
1556 1485 1789 1523 testamento
1820 1481 2030 1522 diffideret.
2062 1499 2119 1527 20

659 1548 908 1588 »Enimvero
923 1547 1107 1588 liberales
1132 1547 1284 1603 semper
1307 1546 1442 1603 epulas
1462 1547 1660 1597 struxisse,
1687 1550 1727 1586 ὅ(
1754 1547 1878 1586 vitam
1908 1560 2032 1585 amoe-

660 1627 785 1652 »nam
804 1615 889 1661 3,&
915 1611 1021 1651 duris
1037 1609 1234 1662 judicibus
1255 1626 1392 1666 parum
1417 1609 1637 1666 probatam.
1671 1611 1867 1650 Fomenta
1896 1608 2033 1650 vulne-

660 1692 682 1712 ))
694 1674 798 1715 ribus
822 1673 1045 1726 nullajuffu
1065 1673 1155 1719 su03
1178 1674 1243 1714 sed
1262 1675 1353 1727 quia
1370 1688 1500 1714 cetera
1527 1672 1658 1728 palam
1678 1688 1779 1713 vana
1802 1669 2034 1723 objecisset,

661 1736 911 1791 »adjungere
931 1738 1083 1777 crimen
1099 1767 1111 1786 ,
1136 1735 1248 1788 cujus
1269 1737 1306 1777 se
1329 1738 1472 1792 pariter
1497 1736 1671 1777 indicem
1701 1740 1741 1776 &
1768 1736 1904 1775 testem
1926 1735 2033 1775 face-

661 1818 685 1840 >2
696 1815 755 1842 ret
767 1819 788 1838 >2
800 1832 809 1841 .
825 1799 978 1851 Adjicit
993 1800 1102 1840 diffls
1121 1801 1381 1840 constantiam
1398 1800 1574 1840 :incusat
1586 1797 1692 1839 ultro
1717 1816 1738 1834 «
1759 1797 2035 1849 intestabilem,
2064 1811 2116 1850 25

663 1868 736 1905 »ἃ
753 1862 1068 1905 consceleratum
1085 1880 1127 1911 ³),
1152 1862 1260 1903 tanta
1288 1865 1400 1903 vocis
1426 1879 1471 1903 ac
1491 1862 1623 1902 vultus
1653 1862 1888 1911 securitate,
1916 1874 1960 1901 ut
1981 1859 2035 1901 la-

663 1927 775 1969 baret
795 1926 990 1968 indicium
1003 1955 1016 1977 ,
1031 1925 1099 1966 nisi
1111 1924 1327 1967 Milichum
1346 1941 1449 1967 uxor
1462 1924 1746 1975 admonuisset,
1774 1942 1794 1961 «
1811 1924 2035 1973 Antonium

667 2100 794 2139 Optime·
818 2100 914 2131 vertit
938 2099 1110 2131 Dav-anzati
1138 2124 1146 2137 ,
1171 2102 1184 2129 ὁ
1203 2110 1273 2129 come
1288 2100 1331 2128 al·
1372 2101 1486 2131 ditium
1497 2100 1537 2131 est
1550 2100 1635 2139 supra
1645 2100 1754 2130 Annal.
1772 2100 1854 2135 XIV,
1873 2109 1919 2135 19.

666 2141 731 2169 cuni
752 2140 878 2179 firiworzo
905 2139 940 2169 da
965 2140 1043 2179 quelli
1060 2139 1220 2169 andamemi
1232 2140 1332 2178 nefhs-
1410 2146 1421 2159 ²
1445 2141 1722 2176 Epsxpfflzomwii]
1746 2138 1868 2169 Neroni
1885 2143 1948 2168 erat
1969 2147 1984 2167 a
1999 2136 2035 2166 li-

664 2181 736 2218 pird.
1371 2180 1480 2210 bellis:
1497 2189 1589 2223 quem
1603 2188 1707 2209 tamen
1724 2178 1848 2209 fortuna
1865 2177 1974 2220 minus*
1985 2186 2036 2206 ce-

709 2225 716 2238 ¹
742 2220 774 2248 Iu
793 2228 913 2249 nomos
938 2220 1175 2256 Sfiavitrimos]
1208 2219 1331 2249 Locum
1372 2220 1490 2249 lebrem
1504 2219 1600 2254 tecit,
1620 2220 1711 2257 quam
1728 2219 1829 2248 servus
1848 2217 1910 2254 ejus
1921 2217 2038 2258 Εριᾷὶε-

667 2258 832 2288 hortorum
857 2258 1101 2288 Servilianorum
1129 2268 1223 2289 nemo
1245 2267 1331 2288 vete-
1373 2268 1418 2288 tus
1431 2282 1439 2294 ‚
1454 2258 1631 2288 Stoicorum
1644 2257 1773 2288 antistes.
1787 2257 1913 2294 Quanti>
1925 2255 2038 2285 melior

669 2308 736 2327 rum
750 2298 852 2327 docet.
876 2297 1033 2327 Existimat
1052 2306 1156 2328 tamen
1173 2299 1312 2327 Donatus
1323 2321 1331 2333 ,
1374 2298 1505 2328 domino
1521 2297 1621 2328 servus
1637 2297 1644 2326 Ξ

668 2337 706 2365 de
725 2337 804 2366 Urbe
817 2338 908 2366 Rom.
923 2337 963 2365 111
977 2360 985 2370 ,
1007 2347 1042 2373 23
1058 2361 1066 2371 ‚
1091 2337 1160 2367 illos
1192 2336 1278 2366 fuill'e
1300 2337 1332 2366 in
1414 2343 1423 2363 3
1446 2340 1554 2368 Vri-AM
1571 2338 1732 2373 amaruan]
1751 2333 1908 2365 Liberales
1920 2332 1949 2362 se
1965 2332 2040 2375 sem-

667 2377 709 2404 lx
729 2376 815 2405 Urbis
833 2375 960 2413 regione
979 2375 1059 2405 haud
1077 2376 1185 2413 procul
1204 2387 1220 2406 a
1239 2385 1332 2413 ponte
1374 2387 1426 2414 per
1452 2377 1553 2415 epulas
1584 2376 1714 2405 struxiise
1738 2398 1746 2408 ,
1774 2375 1918 2411 suamque
1940 2380 2039 2401 Vitam

667 2413 851 2444 Janiculcnfi
864 2437 871 2448 ‚
886 2425 967 2444 nunc
981 2414 1003 2443 le
1012 2414 1082 2442 Pam
1094 2414 1125 2443 de
1135 2415 1224 2443 δίκε.
1239 2415 1333 2445 Forte
1374 2415 1459 2445 fuill'e
1473 2425 1625 2446 amoenam
1638 2439 1648 2452 ‚
1674 2416 1708 2448 ὃς
1728 2414 1808 2445 duris
1822 2411 1976 2450 judicibus
1989 2420 2042 2449 pa-

665 2462 785 2486 nornen
794 2462 973 2491 acceperant
985 2464 1000 2485 a
1011 2454 1053 2486 M.
1066 2454 1198 2485 Servilio
1218 2455 1255 2486 de
1269 2465 1332 2492 quo
1374 2466 1441 2487 rum
1458 2456 1632 2495 probatam.

1819 2512 1840 2533 »
1851 2491 2045 2537 Natalem
