2223 3033
60 883 110 910 10

59 1199 106 1238 15

54 1519 108 1545 20

283 224 603 269 ANNALIUM
636 222 806 265 LIBER
843 219 1099 263 DECIMUS
1134 219 1361 263 SEXTUS.
1434 225 1523 273 265

139 319 257 347 »tum
268 310 333 349 cui
347 309 568 363 primaaetas
583 334 595 355 ,
609 292 923 357 exstinguuntur.
941 302 1131 343 Accusati
1151 303 1233 358 post
1250 300 1490 357 sepulturam
1511 317 1520 349 3
1546 320 1661 329 -—-

136 370 454 423 »decretumque
472 397 490 419 ,
515 381 559 408 ut
586 381 697 407 more
727 363 924 417 majorum
951 367 1185 420 punirentur
1216 372 1224 387 ¹
1259 383 1301 405 ».
1328 364 1378 405 Et
1403 367 1517 405 Nero

136 433 350 474 intercessit
373 462 386 483 ,
423 444 594 472 mortem
626 431 704 470 sme
743 428 890 470 arbitro
922 429 1154 483 permittens
1182 443 1189 465 :
1229 444 1274 469 ea
1296 458 1310 479 ,
1348 427 1517 470 caedibus

137 497 327 550 pera&i8‚
352 494 522 535 ludibria
559 491 860 546 adjiciebantur.

201 559 310 599 XII.
343 559 386 599 P.
422 560 646 607 GALLUS,
681 571 799 610 eques
820 557 1057 604 Romanus,
1083 555 1191 608 quod
1213 556 1341 596 Fenio
1367 555 1479 596 Rufo
1502 559 1519 595 ².

136 622 326 673 intimus,
355 626 395 662 &
415 621 553 664 Veteri
575 636 657 661 non
685 619 836 660 alienus
859 619 1012 668 fuerat,
1040 615 1139 671 aqua
1164 632 1280 671 atque
1307 620 1390 672 igni
1422 634 1516 674 pro-

137 684 286 726 hibitus
313 687 379 726 est.
415 683 582 725 Liberto
613 688 653 724 δε
677 683 899 724 accusatori
925 683 1128 738 praemium
1149 696 1275 736 operae
1294 711 1306 730 ,
1333 680 1447 722 locus
1474 684 1516 723 in

136 749 296 789 theatro
328 750 432 789 inter
467 749 639 788 viatores
672 746 910 787 tribunicios
938 751 947 773 ³
1000 746 1126 786 datur.
1157 744 1208 784 Et
1238 745 1378 784 mensis
1400 775 1411 794 ‚
1449 747 1517 799 qui

134 811 337 866 Aprilem,
353 811 617 865 eumdemque
635 810 856 850 Neroneum
878 807 1134 862 sequebatur,
1154 808 1287 848 Maius
1304 808 1458 846 Claudii
1470 814 1487 836 4
1503 837 1516 857 ‚

135 874 278 917 Junius
301 875 560 925 Germanici,
585 873 792 915 vocabulis
810 886 1034 912 mutantur:
1058 871 1292 912 testificante
1323 870 1517 911 Cornelio

135 938 340 993 Orphsto,
366 940 433 993 qui
460 938 500 978 id
531 938 738 978 censuerat
756 967 768 987 ,
797 953 817 972 «
847 935 937 976 ideo
967 936 1132 979 Junium
1158 934 1333 974 mensem
1355 939 1367 964 5
1396 935 1520 974 trans-

133 1017 155 1038 »
167 1002 320 1042 miffum
333 1031 346 1052 ‚
361 1003 451 1056 quia
466 1001 545 1042 duo
556 999 634 1053 jam
647 1000 843 1054 Torquati
859 997 876 1020 ⁶
890 1029 902 1050 ,
918 998 969 1039 ob
984 997 1132 1039 scelera
1145 997 1359 1048 interfe'Cti,
1375 997 1519 1039 infaus-

134 1078 252 1104 »tum
278 1080 425 1106 nomen
450 1065 616 1109 Junium
637 1064 818 1105 fecissent
844 1081 885 1103 1).

199 1128 332 1168 XIII.
367 1129 475 1170 TOT
508 1127 752 1168 facinoribus
768 1126 922 1167 foedum
939 1141 1085 1166 annum
1103 1127 1222 1166 etiam
1242 1125 1296 1165 dii
1316 1125 1519 1180 tempesta-

136 1189 240 1231 tibus
265 1196 305 1232 &
326 1191 474 1232 morbis
494 1192 745 1245 insignivere.
769 1191 927 1232 Vastata
949 1189 1170 1245 Campania
1195 1187 1352 1229 turbine
1372 1202 1518 1228 vento-

134 1269 222 1293 rum
238 1284 250 1302 ‚
280 1257 347 1308 qui
375 1254 489 1296 villas
505 1284 516 1304 ‚
543 1253 718 1304 arbusta,
742 1254 875 1309 fruges
907 1253 1039 1309 passim
1062 1251 1219 1304 disjecit
1241 1266 1250 1298 3
1275 1249 1519 1307 pertulitque

135 1316 370 1358 violentiam
396 1318 444 1359 ad
467 1319 601 1358 vicina
621 1316 740 1358 Urbi:
763 1319 804 1357 in
822 1315 896 1372 qua
914 1332 1032 1357 omne
1053 1314 1283 1357 mortalium
1307 1329 1432 1369 genus
1460 1315 1520 1354 vis

135 1379 363 1435 pestilentiae
409 1387 421 1408 ⁷
460 1380 776 1437 depopulabatur
800 1410 814 1431 ,
849 1378 959 1420 nulla
998 1379 1083 1420 caeli
1126 1379 1360 1433 intemperie
1388 1407 1400 1427 ‚
1437 1391 1520 1431 quaa

136 1458 366 1485 occurreret
391 1444 535 1485 oculis.
563 1445 642 1484 Sed
669 1444 810 1484 domus
845 1442 1080 1499 corporibus
1110 1442 1302 1482 exanimis
1326 1471 1338 1490 ,
1377 1441 1520 1481 itinera

136 1506 340 1548 funeribus
357 1506 677 1564 complebantur.
694 1509 793 1548 Non
807 1507 921 1547 sexus
938 1536 951 1557 ,
974 1521 1058 1546 non
1073 1520 1160 1546 aetas
1178 1503 1359 1561 periculo
1378 1519 1518 1544 vacua.

135 1570 304 1610 ServitIa
340 1571 502 1626 perinde
533 1575 572 1611 &
603 1572 777 1625 ingenua
808 1568 945 1626 plebes
982 1570 1127 1625 raptim
1161 1568 1383 1622 exstingui,
1414 1568 1518 1607 inter

137 1631 358 1689 conjugum
388 1638 427 1674 ὃς
454 1632 672 1674 liberorum
700 1633 901 1681 lamenta3
940 1634 1007 1687 qui
1041 1632 1137 1673 dum
1175 1631 1350 1672 adsldent
1374 1659 1387 1680 ,
1421 1629 1518 1670 dum

844 1743 979 1773 Claudiur-
1016 1743 1109 1779 Caefizr
1151 1741 1287 1781 Augustus
1323 1739 1517 1769 Germanicum

176 1748 185 1761 ¹
210 1743 307 1773 Morze
336 1754 493 1775 MAJORUM
521 1744 806 1781 PUNIRENTUR]De
1061 1779 1065 1781 -

844 1782 999 1814 Menfibus
1026 1783 1111 1812 Maio
1143 1782 1178 1812 ὃ(
1198 1780 1292 1811 Junio
1314 1779 1413 1809 indita
1434 1777 1519 1807 Clau-

135 1781 196 1812 hoc
209 1782 359 1821 supplicio
380 1783 443 1821 jam
459 1783 574 1814 dietum
594 1784 679 1822 supra
695 1784 806 1814 Annal.

135 1823 207 1852 le
220 1845 228 1856 ,
245 1825 294 1859 48.

174 1865 185 1906 ᾗ
210 1862 310 1891 Fruro
335 1862 452 1899 Ruro]
475 1863 521 1894 De
542 1873 605 1902 quo
628 1863 743 1894 diclum
764 1862 807 1892 su-

133 1910 187 1940 pra
210 1901 321 1931 Annal.
338 1903 394 1932 XV
406 1925 414 1938 ‚
429 1905 467 1931 66
481 1904 515 1933 ὃς
529 1906 580 1932 68.

174 1945 183 1965 ³
208 1941 302 1971 INTER
318 1951 478 1972 leTOREs
490 1953 691 1972 TRmuuiclos
706 1942 719 1978 ]
732 1940 807 1978 Qui-

133 1979 192 2009 bus
219 1980 270 2009 vel
298 1979 330 2009 in
358 1980 505 2010 subselliis
535 1981 728 2016 tribuniciis,
755 1980 806 2010 vel

136 2018 174 2047 iis
219 2019 360 2057 proxime
394 2019 479 2049 locus
512 2019 571 2050 fuit
602 2021 635 2050 in
674 2019 805 2050 theatro.

136 2058 232 2087 Porro
247 2060 316 2088 cum
333 2058 450 2088 tribuni
476 2059 573 2097 plebis
596 2059 718 2090 Ῑίἂοῐες
740 2069 806 2088 non

135 2095 308 2133 haberent,
333 2097 406 2140 'illis
438 2097 574 2129 viatores
607 2099 805 2137 apparebant.

135 2137 200 2165 Cur
217 2138 291 2167 vero
310 2137 485 2167 dicerentur
504 2138 624 2168 viatores
638 2139 731 2168 docet
746 2139 808 2168 Co-

136 2174 262 2205 lumella
288 2175 320 2204 in
340 2176 456 2206 Praefat.
479 2177 517 2207 de
542 2179 586 2208 Re
610 2177 721 2208 Rustic.
745 2177 807 2206 Illis

134 2214 207 2243 enim
221 2213 381 2250 temporibus
391 2238 400 2250 ,
417 2224 445 2243 ut
457 2217 587 2255 anre‘jam
600 2216 737 2253 diximus,
748 2226 808 2252 pro-

135 2263 211 2282 ceres
240 2253 363 2282 civitatis
388 2254 415 2282 in
447 2255 524 2293 agris
545 2255 720 2284 morabantur
741 2267 748 2282 :
777 2254 806 2283 ἓν

136 2303 196 2321 cum
222 2292 357 2331 confilium
388 2292 523 2329 publicum
547 2294 768 2334 desiderabatur,
794 2305 808 2323 e

136 2331 211 2362 villis
238 2331 435 2371 arcessebantur
455 2333 484 2360 in
496 2333 623 2371 striarum
640 2357 649 2370 ‚
682 2344 716 2362 ex
742 2343 806 2370 quo,

135 2371 180 2409 qui
194 2381 238 2399 eor
249 2371 418 2408 evocabant,
440 2371 568 2401 Viatores
588 2372 806 2410 nominatifimr.

176 2414 190 2432 4
200 2411 303 2441 Mmus
315 2412 470 2447 Cmumr]
482 2412 580 2445 Nero,
591 2420 624 2441 ut
642 2411 758 2441 constat
771 2421 809 2440 ex

137 2449 270 2479 nummis
284 2473 291 2486 ‚
304 2451 515 2489 appellabatur
528 2452 641 2481 NERO
655 2450 808 2480 CLAVD.

137 2488 302 2519 CAESAR.
327 2490 422 2520 AVG.
448 2491 573 2521 GERM.
606 2490 639 2521 id
669 2490 708 2521 est
733 2489 809 2520 Nero

298 2532 404 2573 Tom.
424 2534 479 2573 ll.

844 1822 881 1851 dii
897 1824 931 1853 ὃ(
945 1821 1104 1850 Germanici
1119 1821 1249 1851 nomina
1261 1843 1269 1855 ,
1292 1827 1325 1849 ut
1340 1818 1421 1848 foeda
1438 1818 1514 1847 adu-

845 1862 963 1892 latione
981 1869 1087 1900 quarta
1099 1860 1172 1890 anni
1188 1871 1252 1899 pars
1268 1868 1385 1889 nomen
1399 1867 1416 1887 a
1430 1857 1517 1895 pessi-

844 1912 896 1931 mo
916 1900 1059 1939 Principe
1081 1899 1235 1938 acciperet
1490 1934 1496 1940 ·

885 1946 892 1967 5
916 1942 1036 1970 Junmm
1054 1940 1205 1975 mensem]
1226 1937 1366 1976 Mensem,
1391 1943 1424 1966 ut
1445 1945 1517 1974 opi-

844 1990 920 2016 nor,
936 1979 1099 2010 redundat.

883 2021 895 2038 ⁶
917 2020 989 2048 Duo
1013 2017 1216 2053 TORQUATI]
1235 2014 1348 2045 Lucius
1370 2015 1518 2053 Torqua-

844 2067 891 2089 tus
908 2059 941 2089 &
959 2066 1081 2096 patruus
1098 2058 1160 2093 ejus
1177 2057 1354 2093 Torquatus
1377 2053 1495 2083 Silanus
1507 2076 1517 2089 ,

844 2106 878 2128 ut
900 2097 1015 2128 dic‘tum
1040 2097 1081 2126 est
1104 2095 1189 2134 supra
1212 2104 1276 2133 cap.
1298 2096 1326 2122 8.
1355 2093 1390 2123 ἃ.
1405 2093 1517 2123 Annal.

845 2139 919 2173 XV,
940 2146 987 2176 35·
1436 2171 1440 2176 ,

883 2183 895 2201 7
917 2179 972 2207 Vis
998 2184 1203 2205 rrsrirturrffi
1225 2174 1239 2209 ]
1262 2172 1349 2201 Hanc
1371 2170 1518 2209 pestilen-

845 2215 920 2246 tiam
933 2239 940 2252 ‚
958 2225 1024 2254 quoe
1042 2222 1191 2243 autumno
1210 2210 1323 2244 saeviit,
1340 2211 1373 2241 ὃς
1392 2210 1519 2249 triginta

846 2255 944 2284 millia
975 2252 1139 2283 hominum
1181 2249 1343 2288 absumpsit
1362 2273 1371 2286 ‚
1398 2250 1517 2280 morbis

846 2294 988 2330 ἐπιδημίας
1000 2316 1008 2328 ‚
1032 2290 1165 2320 maladies
1177 2288 1369 2327 έρίᾱένηὶᾳιιεῖ,
1394 2290 1518 2327 potius,

849 2334 941 2371 quam
964 2330 1112 2370 pestibus,
1141 2330 1183 2360 ob
1210 2329 1355 2368 exiguum
1375 2337 1517 2359 mortuo-

848 2381 915 2400 rum
934 2379 1095 2400 numerum
1108 2391 1116 2403 ‚
1137 2368 1417 2399 annumeraverim.
1437 2367 1518 2398 Vide

850 2412 949 2440 Notas
967 2408 1252 2440 &Emendationes
1265 2407 1303 2437 ad
1315 2407 1520 2443 Anna1.XV1,

855 2460 900 2486 13.
913 2449 959 2479 lbi
980 2448 1066 2478 simul
1087 2448 1124 2478 de
1142 2448 1220 2486 peste
1238 2454 1362 2485 agetur,
1381 2446 1440 2484 qua
1452 2447 1520 2476 Ro-²

850 2499 917 2528 ma,
938 2488 1015 2522 Tito
1036 2487 1195 2528 Principe,
1209 2486 1386 2517 conflictata
1402 2485 1451 2516 est.

1243 2528 1308 2573 Ll

1546 354 1573 377 Α.
1588 355 1615 377 U.
1628 354 1659 377 C.

1565 399 1636 427 818.

1566 454 1636 477 J.C.

1578 500 1628 534 65.
