2223 3033
522 350 625 375 A.UC

542 398 614 426 818.

538 450 562 473 J,
579 451 609 474 c.

551 498 604 535 65.

883 214 931 255 C.
999 214 1443 257 CORNELII
1507 216 1824 260 TACITI

660 295 721 338 tra
735 326 749 347 ,
773 294 841 336 fibi
866 310 1026 350 quoque
1049 296 1279 338 destinatam
1311 312 1483 339 mortem
1517 299 1720 341 adseverat
1736 307 1772 352 ¹,
1803 315 2042 357 manumque

662 360 896 417 percussoris
925 360 1122 416 exposcit.
1144 362 1252 402 Tum
1269 363 1423 403 Seneca
1438 393 1449 412 ,
1467 362 1602 418 gloriae
1622 362 1706 415 ejus
1723 380 1803 405 non
1832 366 2044 418 adversus,

662 423 775 464 simul
797 438 932 464 amore
947 453 960 473 ,
988 438 1039 464 ne
1064 424 1133 465 fibi
1157 425 1277 465 unice
1297 425 1479 466 dile'clam
1507 427 1556 467 ad
1580 425 1739 479 injurias
1772 428 2040 483 relinqueret:

668 506 689 524 «
703 489 805 529 Vitae
822 504 866 537 22,
886 488 1014 540 inquit
1027 517 1039 538 ,
1069 505 1090 524 «
1107 487 1365 528 delinimenta
1393 491 1702 531 monstraveram
1721 491 1820 542 tibi,
1841 506 1884 532 tu
1902 495 2040 533 mortis

659 551 814 591 »decus
841 551 987 591 mavis:
1013 566 1096 592 non
1129 551 1320 592 invidebo
1351 552 1553 609 exemplo.
1579 555 1641 594 Sit
1662 553 1779 605 hujus
1807 568 1890 595 tam
1925 556 2039 597 fortis

658 615 820 654 »exitfis
846 615 1067 656 constantia
1096 630 1217 671 penes
1244 615 1432 670 utrosque
1470 632 1538 672 par
1555 646 1567 666 ,
1601 616 1848 658 claritudinis
1885 617 1972 673 plus
1998 620 2039 660 in

658 692 762 718 »tuo
791 678 869 718 fine
890 695 932 718 ».
956 679 1045 718 Post
1076 694 1158 733 quae
1174 709 1184 728 ,
1215 679 1358 719 eodem
1388 680 1467 719 ictu
1494 679 1655 721 brachia
1679 680 1785 721 ferro
1811 680 2038 723 exsolvunt.

658 743 813 782 Seneca
829 771 841 791 ,
865 743 1055 795 quoniam
1078 741 1202 782 senile
1227 757 1397 798 corpus,
1427 746 1466 783 &
1489 758 1610 798 parco
1633 745 1738 784 vin-Tru
1759 748 1773 764 ²
1801 759 2009 786 tenuatum
2024 775 2039 796 ,

657 804 768 845 lenta
797 805 946 859 effugia
979 805 1160 859 sanguini
1188 805 1408 861 praebebat,
1446 821 1605 846 crurum
1644 822 1802 861 quoque
1835 812 1876 848 ὅ(
1905 807 2039 864 popli-

656 881 745 908 tum
772 883 891 908 venas
913 868 1125 924 abrumpit.
1146 869 1343 922 Saevisque
1366 869 1606 910 cruciatibus
1631 870 1798 910 defessus
1813 900 1824 919 ,
1845 885 1894 910 ne
1919 871 2037 912 dolo-

658 947 701 972 re
722 932 793 971 suo
824 933 1001 972 animum
1032 933 1168 972 uxoris
1199 932 1435 987 infringeret
1454 963 1466 982 ,
1495 946 1612 986 atque
1641 933 1723 988 ipse
1756 933 1923 974 visendo
1955 933 2039 986 ejus

657 1008 884 1045 tormenta,
906 995 954 1036 ad
975 996 1266 1050 impatientiam
1289 995 1562 1046 delaberetur,
1583 996 1720 1036 suadet
1741 1013 1761 1032 (t
1779 997 1819 1035 in
1843 995 1951 1038 aliud
1970 1013 2040 1038 cu-

657 1057 871 1098 »biculum
899 1058 1112 1099 abscedere
1135 1075 1178 1098 2).
1203 1058 1254 1098 Et
1282 1059 1491 1099 novissimo
1529 1074 1687 1112 quoque
1712 1073 1919 1109 momento
1946 1061 2039 1116 sup-

657 1121 861 1177 peditante
883 1120 1113 1175 eloquentia
1129 1151 1141 1171 ,
1169 1121 1374 1162 advocatis
1398 1121 1655 1178 scriptoribus
1671 1152 1683 1172 ,
1708 1122 1896 1178 pleraque
1918 1124 2039 1165 tradi-

656 1184 715 1225 dit
732 1189 740 1213 3
756 1215 766 1233 ,
793 1199 896 1238 quae,
910 1186 953 1225 in
969 1183 1113 1239 vulgus
1140 1184 1245 1225 edita
1262 1183 1345 1236 ejus
1362 1184 1513 1235 verbis,
1533 1186 1730 1225 invertere
1748 1185 1986 1242 supersedeo
2007 1192 2038 1228 4.

719 1248 891 1289 LXIV.
926 1248 1000 1288 AT
1030 1250 1200 1298 NERO,
1231 1247 1346 1289 nullo
1383 1250 1424 1288 in
1464 1247 1689 1290 Paullinam
1720 1250 1884 1304 proprio
1917 1250 2040 1301 odio,

656 1327 703 1354 ac
731 1326 782 1352 ne
808 1310 994 1365 glisceret
1018 1312 1167 1352 invidia
1195 1311 1468 1361 crudelitatis,
1498 1328 1519 1347 «
1540 1312 1711 1352 inhiberi
1734 1326 1906 1352 mortem
1921 1332 1942 1351 »
1964 1315 2040 1353 im-

656 1388 781 1432 perat.
807 1374 1078 1416 Hortantibus
1112 1374 1334 1425 militibus,
1362 1375 1463 1415 servi
1497 1373 1709 1429 libertique
1736 1375 1919 1430 obligant
1951 1376 2041 1418 bra-

655 1439 747 1480 chia
762 1467 775 1488 ,
809 1452 995 1494 premunt
1020 1438 1253 1493 sanguinem
1268 1468 1281 1488 ,
1304 1439 1503 1479 incertum
1527 1454 1575 1479 an
1598 1440 1754 1492 ignarae.
1778 1440 1913 1489 Nam,
1929 1453 1974 1480 ut
1987 1441 2042 1480 est

655 1502 800 1556 vulgus
824 1502 872 1542 ad
892 1502 1088 1543 deteriora
1110 1515 1340 1558 promptum
1358 1532 1370 1552 ,
1395 1517 1477 1542 non
1505 1501 1666 1542 defuere
1680 1532 1692 1552 ,
1711 1503 1779 1555 qui
1805 1502 2039 1554 crederent,

661 1583 683 1603 «
707 1566 841 1606 donec
879 1564 1178 1622 implacabilem
1206 1568 1416 1606 Neronem
1455 1567 1661 1615 timuerit,
1689 1565 1836 1605 famam
1880 1565 2040 1607 sociatae

654 1644 781 1670 »cum
806 1630 951 1669 marito
981 1630 1120 1670 mortis
1152 1629 1352 1684 petiviffe:
1389 1629 1533 1669 deinde
1550 1659 1562 1678 ,
1589 1627 1723 1669 oblata
1749 1629 1910 1669 mitiore
1943 1629 2039 1686 spe,

654 1692 971 1734 »blandimentis
996 1694 1085 1733 vitre
1107 1694 1274 1733 eviilam
1299 1710 1343 1732 »z
1372 1694 1438 1733 cui
1469 1692 1621 1732 addidit
1648 1707 1797 1748 paucos
1821 1693 1954 1748 postea
1967 1709 2038 1734 an·-

654 1772 754 1807 nos,
774 1755 964 1796 laudabili
992 1757 1031 1795 in
1057 1757 1244 1796 maritum
1275 1755 1496 1806 memoria,
1529 1760 1570 1796 ὃ(
1602 1771 1671 1796 ore
1701 1772 1748 1796 ac
1780 1755 1966 1796 membris
1994 1758 2036 1797 in

655 1835 747 1860 eum
773 1817 968 1874 pallorem
992 1818 1216 1860 albentibus
1236 1849 1248 1869 ,
1275 1834 1320 1859 ut
1353 1820 1525 1860 ostentui
1559 1819 1674 1870 esset,
1706 1819 1879 1860 multum
1903 1818 2036 1862 vitalis

654 1883 810 1939 spiritfis
825 1884 1367 1937 egestum.Senecainterim,
1378 1884 1544 1923 durante
1552 1884 1676 1923 traCm
1689 1888 1722 1933 5,
1738 1887 1778 1923 ὅ(
1795 1882 2037 1925 lentitudine

665 219 754 266 246

1360 2015 1409 2035 ma
1433 2005 1503 2035 sunt
1530 2007 1653 2036 Senecae
1676 2005 1771 2035 verba
1801 2005 1839 2035 ab
1874 2005 2036 2038 advocatis

694 2011 701 2024 ¹
725 2006 936 2036 Dsssrrmmm
951 2016 1089 2036 MORTEM
1104 2008 1318 2044 Αοεενεκλτ]

1359 2044 1559 2088 scriptoribus
1576 2052 1715 2082 excepta.
1742 2044 1872 2074 Librum
1886 2055 1902 2074 a
1918 2045 2035 2075 Seneca

653 2044 735 2079 Dio,
755 2047 878 2075 Senecae
910 2044 1069 2089 iniquior,
1093 2046 1127 2075 ὃ(
1158 2055 1320 2075 nonnum-

652 2094 744 2123 quam
767 2084 898 2123 scriptor
915 2085 1144 2123 nugivendulus
1158 2107 1166 2119 ,
1178 2084 1241 2114 haec
1255 2095 1321 2114 om-

653 2123 705 2153 nia
723 2123 870 2162 depravat
885 2124 919 2154 &
931 2124 1084 2154 adulterat
1098 2147 1106 2160 ,
1125 2123 1206 2154 libro
1221 2125 1321 2153 LXII.

652 2173 720 2202 pag.
733 2172 805 2200 713.
824 2164 892 2193 Nec
912 2174 982 2193 eum
1005 2164 1100 2202 pudet
1117 2163 1249 2193 scribere
1268 2164 1322 2193 Se-

653 2213 763 2232 necam
776 2213 905 2232 uxorem
921 2203 1005 2233 suam
1020 2203 1195 2233 interficere
1209 2202 1324 2232 voluis-

652 2242 692 2272 se.
721 2242 784 2271 Odi
810 2243 843 2272 ὃς
865 2241 925 2280 ipse
962 2242 1179 2281 loquaciorem
1200 2243 1322 2272 Senecae

652 2280 831 2319 sapientiam
843 2305 850 2317 ‚
869 2281 993 2321 ejusque
1005 2282 1144 2312 animum
1159 2281 1230 2311 rec‘ti
1243 2281 1323 2311 haud

652 2319 719 2349 satis
741 2321 951 2358 pervicacem
973 2330 1003 2352 at
1026 2331 1112 2352 veras
1135 2322 1199 2359 ejus
1218 2321 1322 2351 laudes

652 2369 821 2397 numquam
849 2361 995 2391 deteram.

693 2402 704 2416 ²
730 2399 836 2429 Piraeo
872 2403 996 2438 νιετυ]
1037 2401 1084 2430 De
1116 2409 1179 2439 quo
1208 2399 1324 2430 dietum

655 2437 743 2475 supra
756 2447 820 2475 cap.
845 2449 894 2477 45.

693 2481 702 2502 Ξ
731 2477 900 2512 PLERAQUE
917 2479 1103 2515 nmmum]
1130 2479 1202 2509 Haec
1224 2477 1325 2517 supre-

1360 2084 1505 2122 scmptum
1520 2085 1552 2114 &
1569 2084 1769 2114 emendatum
1787 2084 2035 2115 comminiscitur

1360 2123 1422 2153 Dio
1447 2124 1507 2153 loc.
1528 2123 1580 2153 cit.

1398 2167 1412 2186 ⁴
1425 2164 1608 2193 Iuventas
1622 2163 1844 2199 SUPERSEDEO]
1861 2164 1948 2199 Quae,
1963 2165 2034 2192 ciim

1361 2201 1394 2231 in
1427 2202 1536 2241 vulgus
1565 2204 1687 2232 Senecae
1709 2201 1812 2232 verbis
1845 2202 1928 2232 edita
1954 2201 2032 2238 fint,

1361 2241 1409 2271 hic
1437 2241 1618 2275 invertere,
1652 2243 1685 2272 &
1714 2240 1845 2271 historiae
1876 2240 2032 2272 inneEtere

1362 2281 1552 2319 supersedeo.
1599 2280 1725 2311 Utinam
1764 2280 1816 2310 illa
1860 2280 2032 2311 invertisset

1361 2320 1508 2350 Tacitus!
1538 2320 1639 2350 sinon
1664 2320 1725 2359 ipsa
1761 2321 1883 2350 Senecae
1915 2321 2030 2355 verba,

1362 2359 1467 2390 saltem
1489 2359 1553 2398 ipso
1575 2360 1667 2400 digna
1694 2361 1728 2390 &
1749 2359 1913 2399 magnifica
1935 2358 2032 2389 habe-

1362 2409 1473 2429 remus.

1405 2444 1412 2483 ξ
1437 2440 1592 2470 DURANTE
1611 2438 1768 2476 nmero]
1790 2436 1942 2469 Stillantis
1966 2436 2034 2468 san-

1362 2488 1473 2517 guinis.

2074 885 2124 914 10

2075 1201 2120 1240 ¹5

2068 1515 2124 1543 20
