2223 3033
85 875 136 902 10

260 211 576 254 ANNALIUM
609 208 779 250 LIBER
811 208 1065 249 DECIMUS
1100 208 1366 262 QUINTUS.
1448 225 1471 251 2
1482 225 1530 261 3¹

161 293 375 335 exitiabilis
406 292 625 348 superstitio
657 296 666 312 ¹
693 289 823 329 rursus
845 287 1105 344 erumpebat,
1124 303 1207 328 non
1222 289 1345 329 modo
1371 305 1440 345 per
1467 293 1536 336 Ju—

163 357 307 407 daeam,
326 358 522 410 originem
548 352 631 405 ejus
650 350 770 402 mali,
792 351 858 392 sed
872 366 942 407 per
957 350 1105 391 Urbem
1125 353 1244 392 etiam
1260 382 1273 403 ,
1289 355 1369 406 quo
1396 356 1536 395 cuncla

163 420 339 473 undique
366 419 517 458 atrocia
535 446 547 467 ,
586 429 652 457 aut
680 415 864 472 pudenda
880 445 892 465 ,
912 415 1123 456 confluunt
1148 444 1160 465 ,
1192 414 1535 471 celebranturque.

163 482 292 536 Igitur
321 483 450 536 primo
482 481 656 536 correpti
677 480 742 533 qui
770 477 1023 527 fatebantur,
1050 478 1193 518 deinde
1220 479 1372 520 indicio
1398 495 1537 521 eorum

163 543 382 585 multitudo
407 545 546 598 ingens
570 573 584 593 ,
617 542 723 583 haud
749 541 912 596 perinde
941 543 983 581 in
1005 542 1172 582 crimine
1194 542 1397 594 incendii,
1419 543 1538 598 quam

165 607 260 648 odio
278 608 441 648 humani
463 607 620 660 generis
649 606 823 646 convicti
851 605 939 645 sunt
967 609 995 645 ².
1030 604 1082 644 Et
1113 604 1369 660 pereuntibus
1406 607 1539 649 addita

163 669 356 719 ludibria,
372 683 416 710 ut
437 669 609 709 ferarum
628 669 750 723 tergis
767 669 940 708 conteffi
955 698 967 718 ,
984 666 1132 708 laniatu
1148 683 1292 709 canum
1306 669 1514 711 interirent
1527 700 1540 720 ‚

165 747 234 774 aut
255 732 438 774 crucibus
458 732 592 781 affixi,
626 745 694 772 aut
712 731 966 781 flammandi,
983 744 1099 784 atque
1121 730 1189 772 ubi
1214 731 1416 772 defecisset
1430 734 1512 774 dies
1527 763 1541 783 ‚

166 797 209 836 in
230 796 345 836 usum
368 797 551 836 noeturni
576 794 737 835 luminis
758 808 978 836 urerentur.
1007 795 1161 835 Hortos
1187 794 1303 835 suos³
1328 796 1364 835 ei
1393 795 1541 851 specla-

168 858 262 900 culo
276 861 389 900 Nero
406 858 605 899 obtulerat
621 889 632 908 ,
658 862 698 898 ἃ
713 857 903 898 Circense
926 857 1126 898 ludicrum
1141 856 1305 908 edebat,
1319 857 1458 899 habitu
1473 875 1540 900 au-

165 924 258 977 rigae
284 924 500 978 permixtus
515 921 643 977 plebi,
669 919 735 961 vel
754 919 956 961 curriculo
977 920 1287 961 insistens.Unde
1303 935 1541 976 quamquam

167 985 352 1026 adversus
372 985 502 1026 sontes
520 989 559 1025 ὅ(
578 984 784 1025 novissima
799 982 984 1039 exempla
1002 985 1165 1024 meritos
1179 1013 1192 1033 ,
1212 984 1411 1025 miseratio
1440 987 1542 1026 orie-

166 1047 307 1098 batur,
324 1062 527 1102 tamquam
547 1063 630 1089 non
646 1045 820 1088 utilitate
842 1044 1003 1103 publica
1017 1077 1031 1098 ,
1056 1046 1125 1087 sed
1149 1048 1191 1086 in
1211 1047 1398 1088 saevitiam
1425 1050 1542 1089 unius

168 1111 482 1152 absumerentur.

230 1174 369 1217 XLV.
402 1175 621 1215 INTEREA
650 1173 904 1215 conferendis
920 1174 1100 1229 pecuniis
1126 1178 1143 1201 ⁴
1162 1174 1380 1228 pervastata
1395 1172 1511 1214 Italia
1528 1202 1543 1224 ,

167 1318 305 1350 eruditos
321 1319 455 1350 invaluit
475 1330 561 1350 error
574 1342 584 1356 ‚
604 1319 690 1359 quod
714 1329 780 1358 quae
799 1319 838 1349 de

166 1359 278 1389 Judaeis
296 1368 397 1389 narrat
411 1360 558 1395 Dio‚LX.
580 1370 647 1398 pag.
660 1362 720 1395 669
736 1382 745 1395 ‚
768 1369 837 1388 cum

166 1398 206 1428 D.
217 1400 307 1428 Lucae
319 1399 353 1428 ὃς
366 1399 509 1429 Suetonii
529 1398 708 1429 narratione
728 1408 838 1437 perpe-

167 1447 233 1468 ram
260 1437 471 1468 confundunt.
491 1439 619 1468 Novem
639 1437 724 1468 enim
744 1437 838 1474 anni,

167 1476 250 1507 inter
265 1477 362 1507 vetita
381 1489 397 1508 a
419 1477 553 1508 Claudio
573 1477 750 1507 Judaeorum
764 1487 840 1506 con-

168 1515 329 1547 venticula
360 1527 532 1555 eorumque
559 1515 776 1555 expulsionem
793 1515 841 1546 in-

169 1555 299 1593 terjeffl.

212 1600 219 1613 ¹
243 1595 439 1625 Exn-mizius
455 1594 683 1631 SUPERsrlTlo]
703 1593 784 1624 Proh
796 1593 841 1623 su-

170 1633 307 1672 perstitio
329 1633 336 1663 !
364 1634 452 1664 Teste
479 1634 564 1663 enim
590 1633 656 1673 ipso
681 1633 782 1664 Plinio
805 1632 839 1662 X.

169 1673 224 1712 Ep.
239 1684 291 1712 97.
307 1674 377 1703 Haec
391 1672 450 1703 fuit
460 1672 593 1709 summa,
617 1671 659 1701 vel
670 1672 754 1708 culpae
766 1696 775 1709 ‚
798 1672 841 1700 vel

169 1713 271 1741 erroris
286 1735 295 1749 ‚
322 1711 389 1750 quaid
401 1712 564 1742 Christiani
583 1712 663 1752 efflent
677 1712 753 1750 Jbliri
767 1711 840 1749 staro

169 1750 214 1780 die
230 1760 295 1780 aare
306 1751 391 1780 lucem
405 1752 548 1780 convenire
561 1763 569 1779 .-
585 1761 744 1790 carmenque
762 1750 842 1781 Chri-

161 1789 222 1829 sto,
237 1790 312 1829 quast
323 1790 406 1828 Deo,
427 1790 615 1830 diceresscum
632 1791 749 1820 invicem
774 1803 783 1819 .-
795 1790 842 1828 se-

168 1831 404 1869 quesacramento
429 1841 481 1859 non
508 1831 535 1860 in
547 1830 640 1870 scelus
665 1828 773 1868 aliquod
795 1829 842 1858 ob—

160 1868 234 1908 strin
257 1869 383 1908 ere,fi÷d
400 1880 434 1899 ne
447 1869 546 1907 furta,
566 1880 600 1899 ne
623 1869 790 1906 latrocinia,
807 1879 842 1898 ne

168 1907 225 1937 adu
238 1909 307 1938 teria
323 1909 518 1939 committerem
531 1933 540 1946 ‚
556 1908 823 1948 nefidemfallerenr
832 1931 841 1944 ‚

169 1958 205 1977 ne
221 1947 362 1988 depqfirum
378 1949 507 1985 appellati
529 1948 598 1978 abne
620 1958 699 1977 arent
719 1961 728 1977 .·
747 1947 842 1987 quibus

167 1988 288 2024 perafflis·
301 2012 310 2025 ‚
331 1998 428 2018 morem
442 1988 498 2027 fibi
517 1987 585 2027 disce
606 1987 761 2028 endifuzffe
781 1998 842 2016 rur-

162 2027 258 2067 fitfique
281 2027 393 2057 coeundi
424 2028 459 2057 ad
476 2027 635 2064 sapiendum
660 2027 766 2064 cibum,
782 2037 843 2064 pro-

170 2067 298 2104 miscuum
317 2075 405 2096 tamen
426 2067 455 2096 ἕν’
478 2067 620 2097 innoxium
640 2077 648 2096 t
665 2067 733 2106 quod
760 2067 842 2106 ipfitm

162 2103 264 2142 facere
281 2105 377 2145 desiisse
400 2106 454 2145 1⁷0st
479 2105 590 2135 ediffum
611 2117 695 2135 meum
710 2130 719 2144 ‚
742 2107 843 2145 quose-

174 2144 291 2173 cundum
298 2145 430 2175 mandata
439 2156 484 2175 rua
496 2145 626 2175 hetaerias
639 2146 686 2186 eſje
694 2156 841 2175 z'erueram.

173 2185 212 2213 Se
225 2183 412 2215 sacramento
427 2209 435 2221 ,
453 2196 518 2216 non
532 2185 565 2215 in
578 2185 673 2216 scelus
691 2210 700 2221 ,
730 2185 780 2215 sed
810 2185 843 2214 in

175 2222 324 2253 virtutem
341 2224 528 2264 obstringere
546 2249 555 2260 ‚
582 2225 717 2255 haeccine
735 2224 844 2254 exitia-

174 2261 247 2292 bilis
266 2262 434 2301 superstitio
451 2265 461 2293 2
483 2265 596 2294 Merito
615 2264 707 2302 igitur
727 2263 843 2302 gioria-

175 2310 225 2331 tut
239 2302 449 2332 Tertullianus
465 2304 505 2332 ad
515 2304 675 2342 Scapulam
690 2325 699 2338 ‚
716 2305 768 2333 lV.
788 2302 843 2331 Pro

176 2342 258 2369 tanta
287 2342 444 2370 innocentii
468 2365 477 2377 ,
504 2351 551 2377 pro
577 2343 656 2370 taurii
682 2341 817 2378 probitate
834 2365 843 2378 ‚

175 2388 224 2415 pro
240 2380 344 2419 justitia*
362 2405 370 2416 ‚
388 2390 433 2416 pro
449 2380 582 2417 pudicitia
603 2404 611 2417 ‚
634 2390 680 2417 pro
691 2380 752 2419 fide
765 2404 774 2417 ‚
795 2390 844 2416 pro

177 2418 310 2456 veritate,
320 2430 368 2456 pru
382 2420 444 2449 Deo
456 2420 515 2449 viro
529 2429 677 2448 cremamur
690 2429 702 2454 ,⁴
716 2419 784 2458 quod
794 2429 843 2447 nec

169 2457 326 2500 sacrilegi,
351 2470 400 2491 nec
427 2459 509 2501 hostes
527 2459 630 2499 publici
648 2481 659 2499 ,
680 2469 773 2490 verum
794 2468 844 2489 nec

875 1326 914 1348 ror
927 1316 1075 1356 majestatis
1094 1316 1134 1346 rei
1153 1316 1310 1356 parisslent
1330 1339 1422 1348 .....
1442 1317 1545 1348 Crude-

875 1358 942 1387 liras
957 1356 1041 1396 vestra
1051 1356 1141 1396 gloria
1162 1356 1196 1395 est
1209 1357 1308 1396 nestra.

917 1400 927 1412 ²
951 1399 1038 1427 Omo
1071 1407 1195 1426 numam
1225 1405 1355 1426 GENERIS
1390 1406 1546 1427 couvicrr

877 1438 982 1473 SUNT]
1011 1435 1145 1465 Primum
1175 1435 1309 1473 correpti
1337 1435 1426 1470 sunt,
1451 1435 1547 1473 quise

877 1475 1065 1506 Christianos
1079 1474 1135 1504 effe
1149 1474 1323 1504 fatebantur
1336 1495 1345 1509 ‚
1361 1474 1474 1504 deinde
1491 1484 1548 1504 eo-

878 1525 945 1545 rum
978 1514 1098 1544 indicio
1131 1522 1218 1552 capta
1242 1513 1412 1543 multitudo
1440 1513 1547 1552 ingens

878 1553 1141 1585 Christianorum:
1155 1553 1324 1592 omnesque
1340 1562 1406 1582 non
1418 1552 1547 1583 crimine

878 1593 1016 1624 incendii
1036 1616 1045 1629 ‚
1061 1593 1146 1629 cujus
1165 1592 1316 1622 immunes
1333 1613 1341 1626 ‚
1364 1592 1414 1621 sed
1430 1592 1548 1630 profes-

878 1632 963 1663 fione
976 1631 1138 1671 religionis
1151 1653 1159 1665 ,
1174 1642 1240 1670 quae
1255 1631 1365 1661 odiffet
1382 1641 1477 1669 genus
1494 1630 1549 1661 hu—

878 1681 1023 1707 manum,
1050 1670 1187 1701 convicli
1211 1670 1299 1707 sunt3
1321 1670 1363 1700 ob
1386 1680 1420 1700 ea
1433 1670 1549 1709 flagitia

880 1711 981 1741 invifi.
1003 1710 1051 1740 Sic
1063 1709 1197 1740 Romani
1210 1709 1456 1739 criminabantur
1474 1710 1549 1739 reli-

879 1751 1030 1790 gionem,
1053 1750 1138 1787 cujus
1158 1748 1286 1788 quidem
1305 1747 1474 1787 singulare,
1498 1749 1550 1779 sed

881 1790 1024 1821 divinum
1041 1790 1081 1819 est
1101 1789 1229 1818 effatum
1252 1787 1308 1817 :Si
1327 1789 1385 1826 quis
1397 1788 1489 1816 veniat
1514 1787 1551 1816 ad

879 1840 920 1858 me
932 1853 941 1866 ,
964 1828 994 1858 ὓ·
1007 1839 1059 1857 non
1077 1827 1133 1858 odic
1145 1827 1337 1866 parremsuum
1349 1851 1358 1863 ‚
1373 1826 1402 1856 ἓν
1415 1837 1527 1856 matrem
1539 1849 1550 1864 ,

882 1868 911 1898 Cr
934 1878 1064 1906 uxorem,
1092 1867 1122 1896 fx
1141 1866 1239 1906 filios,
1262 1866 1292 1896 θ’
1308 1866 1435 1903 fratrer,
1457 1866 1550 1905 &fh-

881 1918 973 1945 rores,
990 1907 1077 1936 adhuc
1097 1916 1186 1935 aurem
1201 1905 1231 1936 [³⁶
1251 1906 1457 1943 animamstzam
1471 1930 1479 1940 ‚
1496 1916 1550 1934 non

879 1947 960 1987 potest
985 1957 1059 1976 meur
1077 1947 1124 1986 effe
1142 1945 1297 1984 discipulus.
1322 1947 1359 1975 D.
1376 1947 1453 1975 Luc.
1466 1947 1550 1982 xlv,

881 1991 932 2018 26.
953 1989 1069 2019 Verum
1090 1986 1146 2016 hac
1162 1986 1200 2016 de
1224 1996 1256 2016 re
1273 1985 1306 2016 ὃς
1323 1986 1359 2015 de
1374 1984 1550 2015 Christianis

881 2038 898 2058 a
918 2028 1046 2057 Nerone
1075 2024 1244 2055 interfeffls
1268 2024 1341 2053 vide
1365 2024 1550 2061 peculiarem

882 2066 1127 2097 dillertationeni
1148 2065 1180 2094 in
1195 2063 1288 2094 Notis
1303 2065 1337 2094 &z
1351 2064 1552 2094 Emendatio-

882 2107 973 2136 nibus
987 2106 1025 2136 ad
1040 2103 1150 2134 Annal.
1168 2104 1237 2139 XV,
1250 2114 1300 2140 44.
1368 2140 1373 2145 ¹
1542 2139 1549 2145 ⁴

923 2151 932 2171 3
957 2146 1090 2175 Honros
1120 2142 1222 2178 suos]
1247 2143 1282 2171 In
1305 2143 1470 2171 Vaticano.
1504 2141 1551 2170 Ibi

882 2184 1127 2216 Christianorum
1140 2180 1258 2220 sanguis
1269 2180 1376 2211 effusus
1389 2203 1398 2216 ,
1418 2179 1470 2210 ubi
1483 2189 1551 2209 ma-

882 2225 982 2254 ximus
1007 2221 1116 2253 effulfit
1138 2220 1298 2259 adhucque
1321 2219 1447 2258 effulget
1466 2218 1552 2249 Chri-

882 2265 981 2293 stianae
999 2261 1073 2291 fidei
1097 2260 1253 2298 splendor.

921 2307 934 2325 ⁴
956 2303 1179 2331 counanimis
1199 2298 1364 2334 recusus]
1383 2298 1422 2327 Ut
1442 2297 1552 2327 domus

882 2351 971 2370 aurea
985 2363 994 2376 ‚
1017 2339 1146 2378 urbsque
1162 2348 1245 2368 nova
1258 2338 1467 2368 aedificaretur.
1484 2337 1553 2366 Huc

883 2380 994 2416 spectat
1018 2380 1105 2418 quod
1130 2378 1223 2407 habet
1238 2376 1404 2407 Suetonius
1427 2375 1459 2405 iri
1478 2376 1553 2405 Ner.

883 2419 1018 2455 XXXII,
1037 2417 1116 2448 Nulli
1140 2416 1277 2455 delegarit
1292 2416 1406 2455 officium
1419 2437 1427 2451 ‚
1452 2424 1479 2442 ur
1499 2424 1552 2442 rim

882 2458 1014 2498 adjiceret
1039 2470 1048 2487 :
1064 2457 1124 2498 scis
1150 2457 1212 2496 quid
1239 2455 1302 2486 miln'
1331 2453 1444 2494 opusstt
1471 2453 1526 2484 :er
1543 2476 1553 2492 ,

1562 340 1674 366 AUC-

1584 390 1653 425 817.

1585 448 1610 470 J.
1629 447 1659 471 C.

1596 494 1648 528 ⁶4·
