2223 3033
258 237 341 281 AN
344 240 386 280 N
390 237 574 279 ALIUM
606 234 776 276 LIBER
810 233 1064 274 DECIMUS
1098 232 1364 288 QUINTUS.
1427 249 1448 272 2
1458 247 1482 283 4
1496 248 1509 272 1

132 319 355 361 »Natalem
369 319 493 359 multa
505 333 597 358 cum
612 317 787 357 Scevino
806 344 817 364 ,
833 329 879 355 ac
901 314 1050 355 secreta
1072 312 1325 355 collocutum
1346 342 1358 362 ,
1379 316 1418 352 ὅ(
1435 312 1510 353 esse
1536 331 1649 348 ===

134 384 353 436 »utrosque
368 383 416 422 C.
430 381 581 422 Pisonis
603 381 766 419 intimos
783 396 802 414 »
815 409 824 418 .
1533 365 1653 440 Assf'gc'

196 446 312 488 LVI.
347 445 484 484 ERGO
523 444 676 484 accitur
704 440 891 483 Natalis:
930 445 971 481 δε
1007 439 1147 480 diversi
1181 441 1477 494 interrogantur
1498 467 1510 488 ,
1556 468 1577 491 ,ι
1597 469 1626 491 C

143 525 165 545 «
182 508 359 562 quisnam
382 509 412 548 is
444 507 598 556 sermo,
620 504 695 559 qua
724 505 771 546 de
799 519 840 544 re
862 504 991 544 fuisset
1014 521 1034 539 ³>
1060 507 1072 542 ἒ
1104 506 1194 544 611111
1217 517 1356 543 exorta
1387 502 1511 557 suspi-
1567 514 1617 549 65

84 588 104 626 5
138 573 229 621 cio,
257 573 348 625 quia
376 586 458 611 non
489 570 753 624 congruentia
784 567 1090 638 responderant:
1123 566 1326 618 inditaque
1366 564 1513 605 vincla.

134 634 187 674 Et
213 647 504 675 tormentorum
527 633 724 688 aspechim
755 647 800 672 ac
821 632 945 672 minas
973 645 1053 670 non
1077 628 1218 669 tulere.
1248 630 1359 668 Prior
1380 643 1515 668 tamen

134 696 320 747 Natalis,
353 697 476 737 totius
513 693 801 747 conjurationis
825 696 949 748 magis
979 707 1148 748 gnarus,
1172 690 1285 731 simul
1328 691 1520 745 arguendi

139 762 328 816 peritior,
356 760 404 800 de
422 759 565 800 Pisone
589 759 758 814 primum
783 758 941 798 fatetur.
963 756 1123 796 Deinde
1153 754 1293 806 adjicit
1319 755 1518 793 Annaeum

136 825 332 864 Senecam
347 853 359 873 ,
385 822 463 863 five
488 823 755 862 internuntius
778 823 881 862 inter
902 835 994 860 eum
1013 819 1278 871 Pisonemque
1312 817 1387 857 fuit
1402 847 1414 866 ,
1441 817 1520 856 sive

61 904 110 930 10
138 900 181 927 ut
204 887 381 927 Neronis
412 887 577 940 gratiam
601 898 754 940 pararet
771 915 782 934 ,
802 886 868 938 qui
893 883 1068 923 infensus
1095 884 1283 931 Seneca,
1307 895 1445 920 omnes
1470 879 1519 920 ad

139 965 230 990 eum
259 948 568 1006 opprimendum
592 961 692 989 artes
721 946 995 1001 conquirebat.
1023 947 1153 995 Tum,
1176 945 1344 999 cognito
1362 943 1521 984 Natalis

139 1014 323 1062 indicio,
350 1013 545 1052 Scevinus
575 1027 733 1066 quoque
758 1012 840 1066 pari
866 1008 1170 1058 imbecillitate,
1199 1023 1248 1048 an
1276 1009 1417 1048 61111813
1442 1005 1522 1057 jam

142 1077 333 1132 patefaciat
361 1075 548 1125 credens,
576 1090 652 1115 nec
686 1073 813 1114 ullum
852 1072 994 1113 silentii
1024 1038 1369 1120 emoluinentum,
1394 1069 1520 1110 edidit

143 1153 319 1180 ceteros:
346 1153 396 1179 ex
421 1138 561 1192 quibus
581 1139 768 1178 Lucanus
784 1167 796 1187 ,
819 1136 1141 1190 Quintianusque
1156 1165 1168 1185 ,
1198 1138 1237 1175 ὃς
1260 1134 1433 1175 Senecio
1454 1133 1523 1172 diu

66 1214 111 1253 15
144 1202 327 1243 abnuere.
353 1203 443 1242 Post
459 1232 470 1251 ,
495 1200 683 1257 promissa
707 1201 942 1255 impunitate
966 1200 1170 1253 corrupti,
1194 1201 1272 1251 quo
1294 1197 1522 1237 tarditatem

143 1266 377 1306 excusarent
392 1295 404 1315 ,
429 1265 616 1304 Lucanus
638 1263 811 1304 Aciliam
834 1277 999 1302 matrem
1025 1262 1133 1301 suam
1148 1291 1159 1310 ,
1202 1262 1422 1300 mintianus
1439 1257 1525 1299 Gli-

144 1331 251 1371 6111111
272 1327 463 1378 Gallum,
490 1328 663 1368 Senecio
693 1328 873 1367 Annium
900 1324 1152 1375 Pollionem,
1176 1325 1397 1365 amicorum
1431 1337 1524 1377 prae-

145 1394 313 1448 cipuos,
339 1393 611 1432 nominavere.

207 1455 350 1496 LVII.
385 1456 567 1502 ATQUE
594 1455 755 1494 interim
778 1456 892 1496 Nero
908 1483 919 1503 ,
937 1453 1167 1494 recordatus
1183 1449 1338 1493 Volusii
1360 1447 1523 1490 Proculi

64 1530 118 1559 20
144 1518 296 1558 indicio
320 1518 536 1573 Epicharin
565 1523 574 1539 ¹
601 1519 786 1567 attineri,
815 1517 997 1570 ratusque
1020 1515 1214 1556 muliebre
1231 1528 1375 1569 corpus
1396 1513 1523 1567 impar

147 1580 303 1631 dolori,
327 1598 347 1617 «
364 1582 573 1621 tormentis
600 1580 842 1621 dilacerari»
865 1579 988 1632 jubet.
1010 1580 1064 1620 At
1088 1578 1199 1619 illam
1225 1593 1309 1618 non
1333 1574 1525 1624 verbera,

147 1660 229 1685 non
248 1645 358 1699 ignes
374 1675 385 1694 ,
406 1659 488 1685 non
512 1645 568 1684 ira
586 1646 635 1684 eo
663 1645 787 1684 3611113
814 1645 1088 1697 torquentium
1104 1672 1116 1692 ,
1135 1657 1183 1682 ne
1205 1657 1225 1681 a
1252 1637 1400 1680 femina
1422 1637 1524 1693 sper-

147 1721 334 1748 nerentur
347 1737 358 1757 ,
377 1708 580 1763 pervicere
596 1736 608 1757 ,
630 1708 724 1760 quin
745 1704 897 1758 objecia
917 1707 1143 1760 denegaret.
1158 1706 1225 1744 Sic
1242 1704 1389 1758 primus
1410 1700 1526 1754 quaes-

146 1772 267 1810 tionis
301 1770 383 1811 dies
416 1784 684 1826 contemptus.
720 1771 879 1810 Postero
917 1772 1008 1810 611111
1038 1769 1086 1809 ad
1120 1767 1282 1808 eosdem
1324 1765 1524 1806 cruciatus

68 1846 119 1885 25
148 1836 410 1874 retraheretur
436 1835 650 1888 gestamine
671 1832 772 1872 sellae
793 1837 908 1881 (nam
937 1831 1130 1874 dissolutis
1152 1828 1338 1870 membris
1357 1827 1527 1866 insistere

149 1896 362 1951 nequibat)
387 1895 525 1937 vinclo
551 1897 677 1937 fasciae
692 1926 704 1945 ,
725 1911 843 1950 quam
864 1897 1012 1952 pe&ori
1032 1896 1255 1936 detraxerat
1269 1923 1280 1942 ,
1299 1893 1339 1931 in
1362 1890 1527 1930 modum

152 1959 283 2014 laquei
303 1960 351 2000 ad
366 1975 501 2001 arcum
524 1958 626 1999 sellae
648 1961 847 2009 restricio,
868 1959 1012 2000 indidit
1036 1959 1264 2004 cervicem,
1287 1959 1326 1995 &a
1345 1953 1526 2008 corporis

151 2023 328 2080 pondere
362 2023 553 2072 connisa,
582 2036 745 2065 tenuem
777 2021 856 2074 jam
891 2023 1070 2078 spiritum
1110 2018 1313 2075 expressit:
1356 2014 1526 2056 clariore

154 2085 339 2162 exemplo
364 2085 549 2126 libertina
579 2085 748 2136 mulier,
777 2087 817 2125 111
846 2099 955 2126 tanta
986 2083 1238 2131 necessitate,
1270 2079 1449 2128 alienos,
1481 2093 1529 2119 ac

73 2164 128 2202 30
155 2164 280 2205 prope
300 2150 459 2202 ignotos
483 2148 758 2204 protegendo,
780 2151 871 2189 611111
894 2149 1085 2202 ingenui,
1111 2150 1149 2186 ὃς
1172 2145 1274 2192 ν111,
1303 2146 1342 2183 ὃς
1376 2142 1529 2194 equites

156 2213 361 2261 Romani,
394 2213 695 2265 senatoresque,
728 2213 860 2252 intaffi
886 2211 1095 2251 tormentiS
1113 2238 1125 2258 ,
1155 2206 1343 2248 cariffima
1368 2205 1529 2244 suorum

158 2275 321 2330 quisque
342 2275 554 2329 pignorum
576 2275 802 2329 proderent.
829 2276 928 2314 Non
955 2274 1061 2313 enim
1086 2269 1323 2312 omittebant
1341 2268 1530 2308 Lucanus

159 2351 344 2392 quoque,
371 2341 409 2376 ὅ(
439 2338 637 2386 Senecio,
670 2341 710 2377 ὅς
737 2338 980 2391 Quintianus
1010 2334 1144 2392 passim
1164 2332 1348 2376 conscios
1381 2330 1530 2384 edere,

202 2487 210 2501 2
234 2481 409 2511 Emcnmzm
421 2482 434 2519 ]
447 2482 493 2512 De
510 2482 570 2522 qua
585 2482 700 2514 dffium
721 2481 761 2514 est
779 2480 866 2522 supra
880 2490 943 2520 cap.
960 2489 1008 2519 51,

287 2536 392 2576 Tom.
427 2538 481 2580 II.
1241 2531 1283 2572 H
1298 2531 1326 2572 h
