2223 3033
64 882 112 908 10

62 1199 110 1237 ¹5

57 1508 112 1535 20

59 1823 111 1862 25

57 2134 116 2183 30

283 220 600 264 ANNALIUM
633 220 801 261 LIBER
837 219 1090 262 DECIMUS
1124 221 1349 264 SEXTUS.
1429 230 1515 274 269

139 303 239 346 civit
264 303 431 345 Fabium
465 304 695 343 Romanum
711 329 723 350 ,
747 315 797 340 ex
818 301 966 340 intimis
989 301 1145 342 Lucani
1168 304 1318 344 amicis.
1347 320 1368 339 «
1386 305 1519 346 Mixta

138 383 161 403 >›
173 368 274 407 inter
288 381 437 422 patrem
454 365 657 418 filiumque
674 362 962 415 conjurationis
976 363 1139 405 scientia
1154 383 1174 402 2>
1186 367 1348 421 fingitur
1361 367 1520 408 adsimu-

142 428 229 469 latis
250 430 404 469 Lucani
424 428 570 467 literis:
591 442 684 480 quas
701 427 891 482 inspeestas
905 429 1019 467 Nero
1042 444 1062 463 (ε
1078 427 1170 467 ferri
1185 430 1231 469 ad
1246 444 1336 469 eum
1351 447 1372 467 ³)
1396 429 1516 482 jussit,

142 490 283 546 opibus
303 490 386 542 ejus
418 492 584 531 inhians.
612 492 666 530 At
687 489 824 539 Mela,
850 506 932 544 quae
959 503 1045 530 tum
1073 492 1356 547 promptissima
1378 496 1516 534 mortis

142 555 205 594 via
219 583 231 603 ,
257 553 428 594 exsolvit
445 568 586 594 venas:
606 553 759 608 scriptis
775 553 976 594 codicillis
991 583 1003 603 ,
1030 553 1170 607 quibus
1184 556 1374 608 grandem
1396 572 1518 613 pecu-

141 618 248 657 niam
275 619 315 656 in
344 615 592 671 Tigellinum
608 645 620 665 ,
645 630 915 670 generumque
947 614 1030 668 ejus
1052 616 1329 658 Cossutianum
1350 619 1520 676 Capito-

142 694 235 720 nem
252 680 440 734 erogabat
454 710 465 728 ,
486 682 565 733 quo
583 693 714 720 cetera
736 694 955 720 manerent.
973 679 1145 720 Additur
1164 679 1365 722 codicillis
1379 712 1393 732 ,
1420 698 1520 724 tam-

143 757 259 796 quam
287 743 334 782 de
359 744 567 796 iniquitate
593 743 705 782 exitii
732 758 898 796 querens
930 744 983 783 ita
1012 742 1216 798 scripsisset
1238 759 1259 779 <c
1292 744 1331 784 se
1360 747 1521 798 quidem

141 807 275 846 »mori
311 805 430 846 nullis
462 805 646 862 supplicii
676 806 823 857 causis,
855 806 1020 847 Rufium
1047 819 1179 846 autem
1219 806 1445 863 Crispinum
1481 815 1521 850 &

142 870 365 910 »Anicium
383 868 582 909 Cerialem
612 867 692 908 vita
712 869 814 919 frui,
836 869 1008 909 infensos
1033 869 1208 925 Principi
1234 884 1274 906 »ε
1302 885 1385 924 quat
1409 888 1522 913 com-

141 932 266 987 posita
295 931 555 973 credebantur
573 961 586 982 ,
627 931 675 971 de
710 932 921 987 Crispino,
949 934 1039 986 quia
1067 933 1294 974 interfetftus
1325 948 1406 975 erat
1428 966 1439 985 ,
1470 937 1520 977 de

144 993 328 1046 Ceriale,
351 1009 394 1035 ut
411 995 714 1036 interficeretur.
729 997 874 1049 Neque
889 997 996 1035 enim
1017 996 1102 1052 post
1118 995 1246 1037 multo
1268 998 1350 1036 vim
1374 998 1442 1038 s1bi
1463 1013 1522 1040 at-

141 1056 256 1107 tulit,
280 1060 434 1099 minore
470 1057 587 1112 quam
631 1059 754 1098 ceteri
787 1059 1041 1099 miseratione
1066 1088 1078 1109 ,
1116 1060 1207 1113 quia
1241 1060 1441 1116 proditam
1473 1062 1521 1104 C.

143 1120 286 1161 Caesari
315 1127 323 1143 ¹
343 1120 664 1173 conjurationem
683 1120 729 1161 ab
750 1136 799 1161 eo
820 1124 1096 1163 meminerant.

205 1184 385 1225 XVIII.
421 1185 491 1224 DE
527 1184 575 1225 C.
609 1186 798 1225 Petronio
830 1189 843 1205 ²
879 1201 1003 1241 pauca
1031 1185 1143 1241 supra
1170 1188 1386 1242 repetenda
1418 1189 1520 1229 sunt.

140 1248 249 1287 Nam
271 1246 332 1286 illi
350 1248 432 1288 dies
454 1262 522 1303 per
538 1248 721 1288 somnum
739 1277 750 1297 ,
774 1263 855 1288 nox
879 1249 1022 1289 officiis
1043 1253 1083 1289 ὃς
1104 1248 1403 1291 oble'Ctamentis
1433 1253 1522 1292 vita:

140 1309 437 1364 transigebatur.
455 1312 586 1364 thue
601 1309 699 1352 alios
714 1311 899 1352 industria
912 1342 924 1362 ,
945 1313 998 1353 ita
1012 1313 1119 1352 hunc
1136 1313 1295 1367 ignavia
1312 1314 1360 1354 ad
1376 1314 1523 1356 famam

141 1372 362 1428 protulerat
376 1389 386 1420 3
402 1373 696 1428 habebaturque
714 1390 794 1414 non
811 1390 939 1429 ganeo
959 1380 998 1415 ἃ
1013 1376 1267 1430 profligator,
1286 1389 1329 1417 ut
1342 1375 1523 1432 plerique

141 1436 208 1476 sua
242 1438 509 1477 haurientium
538 1467 550 1487 ,
578 1437 646 1477 sed
678 1438 833 1478 erudito
860 1437 971 1478 luxu.
1003 1439 1066 1478 Ac
1095 1439 1195 1478 dieta
1223 1439 1401 1493 faCtaque
1436 1439 1522 1492 ejus

145 1502 292 1552 quanto
316 1499 522 1541 solutioria
537 1530 550 1550 ,
573 1504 613 1540 &
636 1500 847 1554 quamdam
870 1501 927 1540 sui
947 1500 1235 1556 negligentiam
1257 1503 1523 1558 praeferentia,

142 1565 256 1602 tanto
277 1564 422 1616 gratius
442 1565 483 1603 in
499 1564 673 1619 speciem
692 1563 952 1620 simplicitatis
973 1563 1283 1619 accipiebantur.
1299 1565 1522 1606 Proconsul

142 1638 277 1666 tamen
300 1626 495 1680 Bithyniae
521 1656 533 1677 ,
567 1631 606 1667 ὃς
635 1642 731 1668 mox
764 1626 906 1668 consul
925 1633 934 1655 ³
956 1657 967 1677 ,
1001 1628 1206 1681 vigentem
1224 1628 1261 1668 se
1277 1657 1288 1677 ,
1318 1644 1364 1669 ac
1385 1644 1521 1684 parem

142 1690 315 1743 negotiis
338 1690 529 1730 ostendit:
551 1689 643 1730 dein
663 1690 868 1731 revolutus
885 1691 933 1731 ad
953 1691 1050 1730 vitia
1065 1720 1075 1739 ,
1096 1691 1163 1730 seu
1185 1692 1375 1731 vitiorum
1396 1694 1523 1733 imita-

139 1753 320 1803 tionem,
348 1755 451 1794 inter
470 1768 617 1809 paucos
637 1752 892 1794 familiarium
916 1754 1073 1794 Neroni
1097 1754 1325 1810 adsumptus
1343 1756 1420 1805 est,
1447 1755 1523 1796 ele—

141 1817 283 1870 gantia:
301 1815 445 1857 arbiter
460 1847 471 1866 ,
495 1817 589 1857 dum
604 1815 704 1856 nihil
722 1832 926 1857 amoenum
940 1847 952 1867 ,
973 1821 1013 1857 δε
1030 1816 1153 1857 molle
1169 1817 1372 1858 affluentia
1388 1832 1521 1874 putat,

144 1879 214 1918 nisi
235 1879 343 1933 quod
359 1881 394 1920 ei
421 1881 629 1920 Petronius
647 1880 948 1936 approbavisset.
974 1880 1090 1920 Unde
1118 1881 1268 1921 invidia
1290 1881 1487 1935 Tigellini
1507 1912 1521 1932 ,

141 1942 247 1994 quasi
278 1942 462 1984 adversus
495 1942 680 1982 aemulum
709 1974 720 1993 ‚
753 1948 793 1984 ὃς
825 1942 989 1984 scientia
1019 1942 1272 1998 voluptatum
1307 1946 1521 1999 potiorem.

141 2003 251 2059 Ergo
271 2005 546 2047 crudelitatem
570 2007 763 2063 Principis
781 2037 793 2057 ,
820 2008 884 2048 cui
913 2020 1051 2047 ceterae
1078 2005 1263 2047 libidines
1292 2007 1489 2049 cedebant
1506 2037 1520 2058 ,

142 2069 371 2121 aggreditur
385 2099 397 2119 ‚
417 2071 633 2111 amicitiam
660 2071 822 2111 Scevini
839 2076 856 2098 4
872 2071 1062 2110 Petronio
1079 2068 1278 2121 objectans
1295 2084 1305 2115 3
1330 2085 1521 2126 corrupto

144 2130 192 2170 ad
209 2131 401 2172 indicium
431 2133 544 2174 servo
561 2164 573 2183 ‚
601 2134 863 2190 ademptaque
884 2132 1138 2183 defensione,
1164 2137 1204 2173 ὃς
1231 2131 1380 2185 majore
1410 2148 1522 2190 parte

143 2193 300 2234 familia:
322 2196 363 2234 in
383 2196 516 2236 vincla
537 2195 659 2252 rapta.

183 2290 191 2303 ¹
218 2286 255 2314 C.
276 2286 428 2322 CAESARI]
450 2286 606 2326 Caligulae.
624 2288 671 2317 De
695 2288 809 2325 conju-
891 2294 899 2313 3
924 2289 1002 2318 Mox
1030 2298 1149 2318 consur
1174 2289 1188 2325 ]
1221 2287 1337 2318 Consul
1370 2285 1526 2319 suffetium*

142 2323 265 2354 ratione
276 2324 409 2354 diximus
421 2325 685 2365 inSuppIemento
699 2327 810 2357 Annal.
851 2327 1018 2356 Proconsul
1038 2336 1141 2357 autem
1168 2327 1280 2357 dicitur
1308 2336 1379 2357 ante
1407 2327 1522 2358 initum

143 2364 215 2392 VIII
226 2387 234 2397 ,
251 2374 301 2401 43.
853 2367 1043 2396 consulatum
1054 2391 1061 2399 ,
1082 2367 1153 2405 quia
1168 2367 1346 2406 Bithyniam
1358 2390 1366 2404 ,
1380 2368 1521 2397 consula-

182 2404 191 2416 ²
216 2403 261 2431 DE
291 2405 327 2433 C.
347 2405 508 2434 Pnrnomo
524 2406 535 2440 ]
558 2405 812 2440 Emendandum,
852 2415 915 2434 rem
931 2405 1143 2443 provinciam,
1162 2415 1290 2436 rexerat.

144 2438 177 2467 de
201 2441 234 2470 T.
254 2441 391 2471 Petronio.
416 2443 495 2473 Vid'e
519 2444 617 2473 Notas
645 2445 678 2476 ὃ(
697 2445 812 2476 Emen·
892 2449 906 2466 ⁴
922 2448 1104 2476 Amici-mm
1126 2447 1282 2483 Scssvmi]
1303 2446 1350 2475 De
1369 2455 1432 2484 quo
1454 2444 1520 2475 dic-

143 2478 286 2512 dationes
305 2482 342 2512 ad
360 2483 470 2515 AnnaI.
483 2484 554 2516 XVI
568 2506 577 2521 ‚
604 2485 650 2513 18.
854 2491 919 2514 tum
939 2485 979 2515 est
998 2485 1083 2523 supra
1105 2485 1216 2516 Annal.
1240 2486 1320 2523 XV,
1337 2496 1376 2523 49
1390 2485 1422 2517 ὃς
1435 2484 1520 2524 seqq.

1544 319 1659 336 ‘z

1546 360 1576 383 A.
1589 360 1616 382 U.
1628 358 1658 382 C.

1566 404 1636 436 819.

1571 459 1592 481 J.
1605 458 1636 481 (ἶ.

1581 503 1633 530 66.
