2223 3033
661 223 745 270 248
911 219 959 259 C.
1027 215 1438 259 CORNELII
1501 215 1789 260 TACITI

521 314 636 360 Ξ
660 301 814 352 milite,
846 302 913 355 qui
940 299 991 340 ob
1030 299 1182 354 infigne
1215 300 1394 356 corporis
1422 298 1543 340 robur
1571 299 1768 353 adstabat,
1801 300 2040 360 corripitur,

519 355 631 429 Aa?
659 367 925 418 vinciturque.

544 457 566 480 J,
585 421 615 480 C:
721 428 919 469 LXVII.
953 426 1074 467 Mox
1104 427 1336 467 eorumdem
1353 427 1504 467 indicio
1522 426 1686 468 Subrius
1701 427 1863 470 Flavius
1879 459 1891 480 ,
1912 429 2037 470 tribu-

550 505 599 539 ⁶5·
658 508 730 533 nus
746 523 757 542 ,
779 491 1042 547 pervertitur,
1071 492 1200 546 primo
1235 507 1256 526 «
1281 490 1636 530 diffimilitudinem
1664 507 1821 531 morum
1842 510 1863 528 »
1894 494 1942 533 ad
1967 494 2037 533 de-

656 556 876 597 fenlionem
911 555 1097 603 trahens,
1133 570 1155 590 ‹<
1181 567 1308 605 neque
1334 553 1372 592 se
1402 566 1595 593 armatum
1628 569 1720 594 cum
1752 555 1966 596 inermibus
1995 560 2036 596 &

656 619 927 660 »effeminatis
971 630 1126 657 tantum
1160 615 1315 656 facinus
1357 616 1679 657 consociaturum
1710 634 1751 657 2).
1784 617 1893 657 Dein
1932 619 2037 673 post-

658 698 776 737 quam
803 680 1045 736 urgebatur,
1075 679 1326 720 confessionis
1362 677 1531 732 gloriam
1561 680 1792 735 amplexus,
1818 681 2038 736 interroga-

657 747 799 799 tusque
822 761 843 785 a
870 747 1064 792 Nerone,
1090 741 1231 796 quibus
1260 741 1380 782 caulis
1409 742 1457 782 ad
1488 741 1739 784 oblivionem
1768 744 2004 784 sacramenti
2022 749 2033 766 ¹

658 808 916 866 proceffisset:
953 824 974 843 <c
993 806 1170 869 Oderagn
1197 820 1236 846 te
1254 809 1267 825 ²
1283 822 1304 841 »
1328 806 1456 858 inquit
1472 835 1483 855 ,
1513 824 1533 842 «
1554 821 1629 846 nec
1658 807 1862 859 quisquam
1887 807 1957 848 tibi
1990 807 2036 847 fi-

658 871 819 913 »delior
841 870 1014 911 militum
1034 869 1110 909 fuit
1125 899 1137 921 ‚
1161 869 1256 909 dum
1282 870 1403 908 amari
1427 870 1620 908 meruisti:
1644 869 1763 909 odiffe
1782 871 1889 925 coepi
1906 900 1918 919 ,
1939 871 2038 925 post-

658 951 809 990 »quam
830 933 1022 990 parricida
1047 933 1183 972 matris
1217 936 1257 972 ὅ(
1285 933 1445 982 uxoris,
1481 936 1520 972 &
1556 933 1715 987 auriga,
1743 936 1783 972 ὅ(
1813 934 1975 984 histrio,
1997 937 2038 974 δε

657 999 956 1040 »incendiarius
977 997 1152 1036 exstitisti
1168 1013 1209 1035 >›,
1235 995 1324 1050 Ipsa
1339 994 1457 1035 retuli
1475 994 1593 1036 verba
1607 1025 1619 1045 ,
1640 997 1730 1049 quia
1753 1011 1834 1036 non
1862 1010 1905 1036 ut
1920 997 2039 1038 Sene-

659 1078 738 1112 cae,
771 1060 934 1115 vulgata
969 1072 1102 1100 erant:
1133 1074 1208 1099 nec
1246 1059 1374 1098 minus
1409 1059 1520 1099 nosci
1552 1058 1720 1099 decebat
1748 1058 1928 1100 militaris
1962 1060 2038 1100 viri

658 1126 790 1165 sensus
815 1126 1046 1178 incomptos
1069 1126 1109 1162 &
1134 1120 1303 1162 validos.
1331 1119 1449 1160 Nihil
1474 1123 1515 1160 in
1547 1120 1615 1161 illa
1643 1120 1919 1173 conjuratione
1948 1138 2039 1177 gra-

660 1189 747 1228 vius
767 1186 925 1228 auribus
946 1186 1124 1226 Neronis
1146 1183 1330 1225 accidiffe
1352 1185 1552 1233 constitit,
1575 1185 1641 1237 qui
1669 1199 1712 1224 ut
1738 1185 1933 1226 faciendis
1956 1186 2038 1226 sce-

659 1250 807 1291 leribus
830 1262 1038 1306 promptus
1053 1279 1065 1298 ,
1092 1250 1147 1288 ita
1168 1246 1384 1297 audiendi,
1416 1262 1498 1301 quae
1532 1247 1708 1298 faceret,
1741 1247 1916 1288 insolens
1944 1263 2040 1290 erat.

659 1316 785 1356 Poena
803 1313 933 1355 Flavii
960 1310 1118 1364 Vejano
1144 1312 1276 1365 Nigro
1292 1340 1304 1359 ,
1334 1310 1522 1360 tribuno,
1549 1311 1769 1351 mandatur.
1796 1311 1834 1352 Is
1857 1313 2042 1367 proximo

659 1379 701 1418 in
728 1392 824 1431 agro
849 1375 1031 1417 scrobem
1054 1375 1178 1415 effodi
1200 1372 1303 1425 jussit
1324 1378 1360 1423 ³,
1385 1389 1503 1427 quam
1523 1373 1684 1415 Flavius
1707 1388 1750 1414 ur
1775 1374 1970 1414 humilem
2000 1379 2041 1416 ὅ(

661 1441 865 1495 angustam
902 1441 1138 1494 increpans,
1171 1436 1516 1478 circumstantibus
1555 1436 1770 1487 militibus,
1801 1454 1822 1473 «
1856 1439 1922 1477 Ne
1958 1440 2041 1479 hoc

660 1504 855 1558 »quidem
877 1520 921 1553 »,
947 1503 1077 1556 inquit
1094 1531 1107 1551 ,
1145 1517 1165 1537 «
1187 1515 1237 1540 ex
1257 1499 1468 1555 disciplina
1485 1517 1524 1539 »ε
1559 1500 1864 1554 admonitusque
1883 1499 2041 1542 fortiter

660 1566 900 1624 protendere
917 1566 1140 1606 cervicem:
1166 1565 1412 1613 «Utinam»,
1427 1564 1501 1612 ait,
1526 1578 1600 1603 «tu
1613 1577 1694 1608 tam
1709 1563 2041 1606 fortiterferias».

661 1635 702 1672 ὅ(
723 1629 792 1670 ille
815 1627 986 1669 multum
1006 1642 1179 1668 tremens
1197 1657 1209 1677 ,
1232 1628 1323 1667 cum
1346 1627 1414 1666 vix
1434 1625 1589 1666 duobus
1614 1625 1753 1667 iclibus
1768 1657 1781 1677 ,
1811 1641 1931 1682 caput
1958 1643 2044 1668 am-

660 1693 899 1750 putavisset,
933 1692 1120 1732 saevitiam
1158 1690 1263 1746 apud
1291 1691 1502 1730 Neronem
1533 1687 1718 1741 ja'Stavit,
1753 1707 1774 1727 <c
1796 1689 2043 1746 sesquiplaga⁴

659 1756 942 1797 »interfeclum
970 1771 990 1795 a
1012 1755 1050 1795 se
1067 1772 1087 1791 »
1110 1753 1297 1794 dicendo.

723 1818 949 1859 LXVIII.
984 1819 1218 1858 PRoxrrer
1231 1830 1262 1856 M
1309 1817 1534 1856 constantiae
1577 1815 1807 1873 exemplum
1841 1815 2043 1873 Sulpicius

661 1883 814 1939 Asper,
850 1882 1060 1930 centurio,
1097 1879 1282 1936 praebuit:
1320 1882 1594 1934 percunStanti
1633 1881 1818 1930 Neroni,
1856 1897 1877 1916 «
1905 1895 1976 1920 cur
2002 1881 2043 1921 in

661 1946 842 1987 »caedem
870 1945 978 1984 suam
1005 1942 1368 1998 conspiraviffet»?
1400 1942 1573 1983 breviter
1589 1943 1856 1999 respondens:
1893 1959 1914 1978 «
1942 1945 2044 1984 Non

661 2028 682 2046 »
694 2008 807 2050 aliter
820 2021 881 2049 tot
897 2008 1057 2061 flagitiis
1071 2004 1154 2057 ejus
1176 2004 1376 2045 subveniri
1392 2006 1558 2060 potuisse
1573 2011 1590 2034 4
1606 2023 1626 2043 »
1639 2037 1647 2046 .
1672 2007 1777 2046 Tum
1802 2004 1939 2057 jussam
1956 2021 2045 2062 poe-

663 2087 754 2113 nam
780 2070 912 2112 subiit.
939 2071 1033 2111 Nec
1061 2071 1184 2110 ceteri
1207 2069 1462 2110 centuriones
1486 2071 1527 2108 in
1554 2068 1822 2125 perpetiendis
1841 2068 2046 2124 suppliciis

701 2214 709 2227 ¹
735 2209 783 2237 An
801 2218 1004 2239 onrivronru
1029 2216 1231 2237 SACRAMENTl
1249 2206 1263 2242 ]
1281 2206 1332 2234 Ju-
1374 2203 1541 2242 plcuendis
1555 2204 1695 2235 sontibus
1713 2204 1829 2235 effossas
1846 2202 1981 2233 vidimus
1998 2202 2042 2233 su-

661 2248 770 2277 rabant
796 2247 912 2276 scilicet
932 2247 1046 2277 milites
1068 2245 1194 2275 salutem
1219 2244 1333 2275 Princi-
1373 2246 1426 2282 prii
1442 2245 1552 2274 Annal.
1568 2246 1598 2280 1,
1619 2248 1669 2274 61.

663 2287 707 2324 pis
738 2285 792 2315 fibi
824 2287 912 2315 rebus
941 2286 1088 2316 omnibus
1121 2284 1332 2322 antiquiorem
1412 2288 1425 2306 ⁴
1446 2285 1619 2314 Suzzvrurni
1640 2282 2043 2319 rorursse]Eademverba

662 2325 741 2354 fore.
764 2325 843 2354 Vide
865 2326 963 2355 Notas
983 2326 1016 2356 ὃ(
1039 2324 1283 2354 Emendationes
1295 2323 1333 2353 ad
1374 2322 1481 2352 recitat
1503 2323 1565 2353 Dio
1578 2347 1585 2358 ,
1604 2324 1701 2352 LXII.
1718 2332 1783 2361 pag.
1800 2333 1832 2360 7¹
1844 2332 1868 2358 3.
1885 2322 1951 2350 Huc
1965 2331 2045 2359 quo-

662 2364 774 2392 Annal.
793 2365 865 2399 XV,
890 2368 942 2402 67.
1374 2372 1433 2400 que
1447 2363 1556 2400 spcc'lat
1566 2362 1730 2392 Suetonius
1742 2383 1750 2395 ‚
1764 2361 1795 2390 in
1814 2362 1887 2390 Ner.
1899 2360 2042 2391 XXXVI.

702 2407 713 2420 ’-
737 2404 880 2431 Oorrmm
892 2405 950 2440 τε]
966 2403 1044 2433 Vide
1060 2403 1159 2433 Notas
1174 2403 1207 2434 ὃ(
1222 2404 1332 2433 Emen-
1375 2401 1531 2431 Nonnulli
1559 2401 1653 2431 etiam
1678 2400 1794 2431 crimen
1831 2399 2021 2437 imputarunt
2033 2420 2043 2434 ,

663 2441 806 2471 dationes
828 2441 866 2470 ad
886 2442 995 2471 Annal.
1020 2444 1093 2476 XV,
1109 2446 1159 2480 67.
1375 2451 1508 2479 tamquam
1531 2440 1611 2469 aliter
1629 2440 1669 2468 illi
1692 2449 1744 2468 non
1768 2436 1867 2475 poffenr
1891 2437 1942 2476 nist
1961 2446 2045 2467 morte

704 2485 713 2507 5
737 2481 887 2511 Scirorum
912 2491 1022 2511 [rr-0121
1051 2483 1181 2519 Jussrr]
1202 2481 1332 2513 Scrobes
1365 2477 1843 2520 fitecurrere,dedecoratostagisiis
1856 2476 1986 2512 omnibus,

1742 2522 2046 2576 degeneravere.

2072 878 2124 904 10

2075 1190 2122 1229 ¹5

2072 1517 2128 1545 20
