2223 3033
536 331 651 346 Ξ

538 361 641 386 A.U.C

555 466 579 489 J.
597 466 627 490 C.

565 511 614 546 65.

676 239 765 276 244
944 225 992 266 C.
1052 224 1456 266 CORNELII
1514 224 1797 267 TACITI

676 319 829 362 pererat
848 335 860 355 ,
896 306 963 346 sed
1003 319 1048 346 ut
1090 307 1195 348 ferro
1233 308 1489 362 grassaretur,
1527 307 1685 361 quando
1731 319 1931 347 venenum
1970 319 2053 346 non

644 369 971 426 mprocefferat
944 374 953 389 ¹
998 368 1116 410 Solus
1145 372 1291 426 quippe
1317 370 1502 420 Natalis,
1531 374 1571 410 &
1599 371 1816 411 ha&enus²
1843 369 2052 424 prompsit:

684 450 704 469 «
719 432 873 473 miffum
892 432 929 472 se
949 432 997 472 ad
1016 447 1209 487 aegrotum
1223 436 1446 482 Senecam,
1462 446 1520 472 uti
1540 433 1709 482 viseret,
1728 445 2054 486 conquereretur·

676 510 810 549 »que
833 510 903 535 cur
924 495 1109 536 Pisonem
1132 496 1239 536 aditu
1259 499 1438 537 arceret?
1468 495 1610 536 melius
1629 497 1715 535 fore
1730 526 1742 545 ,
1777 497 1801 535 si
1834 496 2051 536 amicitiam

674 557 892 598 »familiari
917 559 1126 613 congressu
1147 559 1465 600 exercuissent».
1494 558 1545 598 Et
1569 559 1808 614 respondisse
1834 560 2050 598 Senecam:

684 638 704 657 (ε
722 621 923 662 sermones
953 635 1138 671 mutuos,
1171 626 1211 662 ὃ(
1239 622 1375 662 crebra
1404 621 1609 676 colloquia
1639 623 1770 662 neutri
1802 621 2050 663 conducere:

675 701 697 722 »
709 687 885 725 ceterum
913 684 1078 725 salutem
1115 685 1224 725 suam
1252 685 1530 725 incolumitate
1553 685 1704 726 Pisonis
1739 686 1919 726 inniti».
1952 685 2053 725 Haec

674 748 775 788 ferre
799 749 972 788 Granius
999 747 1185 788 Silvanus
1200 778 1212 797 ,
1237 747 1417 789 tribunus
1444 750 1630 803 praetoria*
1647 750 1826 789 cohortis
1843 779 1854 797 ‚
1875 751 1913 788 δε
1928 776 1940 796 ,
1963 764 1983 783 (ε
2003 761 2054 787 an

673 811 806 851 »dicia
827 811 1006 860 Natalis,
1036 811 1181 864 suaque
1203 812 1388 867 responsa
1413 812 1653 861 nosceret»,
1670 811 2052 866 percunclariSene-

675 889 764 914 cam
791 873 961 926 jubetur.
984 874 1021 914 Is
1038 904 1050 923 ,
1077 874 1205 924 forte,
1237 890 1286 914 an
1307 875 1504 930 prudens,
1533 875 1581 915 ad
1606 889 1696 914 eum
1723 875 1828 915 diem
1851 887 1900 915 ex
1931 873 2052 913 Cam-

675 937 792 993 pania
832 950 1076 978 remeaverat
1098 968 1109 987 ,
1146 952 1409 992 quartumque
1447 938 1550 993 apud
1593 937 1796 993 lapidem,
1829 935 2054 977 suburbano

674 1015 764 1041 rure
790 1006 824 1050 ³,
851 1001 1082 1041 substiterat.
1113 1000 1219 1050 Illo,
1242 1000 1465 1056 propinqua
1490 1001 1679 1056 vespera,
1707 1000 1887 1042 tribunus
1917 1001 2056 1050 venit,

675 1068 717 1104 ὅ(
738 1063 876 1104 villam
897 1063 1028 1118 globis
1048 1063 1221 1103 militum
1246 1064 1373 1119 seplit.
1390 1064 1497 1104 Tum
1511 1064 1580 1119 ipsi
1594 1094 1605 1113 ,
1630 1079 1721 1104 cum
1738 1062 1928 1120 Pompeia
1944 1062 2055 1103 Paul-

672 1125 757 1166 lina
773 1133 790 1155 4
809 1142 933 1168 uxore
959 1131 997 1167 ὅ(
1027 1127 1165 1168 amicis
1186 1126 1341 1168 duobus
1364 1126 1543 1183 epulanti
1558 1156 1571 1178 ,
1591 1127 1775 1168 mandata
1800 1127 2055 1183 Imperatoris

673 1190 810 1230 edidit.

736 1253 864 1294 LXI.
898 1255 1117 1304 SENECA,
1150 1271 1170 1291 «
1195 1253 1350 1294 missum
1378 1255 1425 1295 ad
1456 1254 1494 1295 se
1526 1253 1741 1305 Natalem,
1776 1254 2056 1308 conquestum-

671 1330 781 1370 »que
805 1318 968 1357 nomine
984 1318 1137 1358 Pisonis
1152 1348 1164 1368 ,
1192 1318 1300 1371 quod
1318 1333 1338 1358 a
1357 1319 1523 1358 visendo
1548 1333 1597 1358 eo
1614 1317 1892 1374 prohiberetur
1907 1347 1920 1367 ,
1939 1317 2057 1370 seque

673 1381 903 1420 »rationem
930 1380 1170 1422 valetudinis
1199 1385 1239 1421 ὅ(
1273 1396 1449 1421 amorem
1483 1383 1625 1435 quietis
1656 1381 1960 1430 excusavisse»,
1982 1379 2056 1419 res—

674 1443 832 1498 pondit.
860 1461 880 1480 «
899 1443 982 1483 Cur
998 1443 1164 1484 salutem
1187 1445 1330 1499 privati
1361 1446 1535 1485 hominis
1550 1443 1821 1485 incolumitati
1840 1443 1913 1482 suae
1945 1456 2055 1483 ante-

673 1506 852 1556 »ferret,
877 1507 1033 1547 causam
1062 1522 1144 1547 non
1174 1506 1368 1548 habuiffe:
1398 1523 1473 1548 nec
1493 1507 1561 1547 fibi
1584 1520 1814 1563 promptum
1846 1507 1887 1544 in
1919 1503 2054 1546 adula-

673 1570 836 1609 »tiones
859 1570 1078 1624 ingenium.
1100 1570 1224 1624 quue
1251 1569 1352 1610 nulli
1373 1572 1497 1625 magis
1517 1586 1683 1625 gnarum
1700 1599 1712 1619 ,
1733 1568 1849 1623 quam
1870 1569 2056 1619 Neroni,

673 1647 696 1668 >2
708 1633 775 1685 qui
809 1633 944 1688 saepius
975 1632 1201 1674 libertatem
1229 1634 1416 1683 Senecae,
1451 1633 1568 1687 quam
1603 1634 1806 1673 servitium
1827 1637 1840 1664 ⁵
1869 1644 2054 1688 expertus

672 1695 801 1735 »esset
816 1713 856 1736 ».
888 1695 964 1735 Ubi
985 1697 1067 1736 haec
1089 1712 1110 1737 a
1131 1695 1292 1737 tribuno
1313 1696 1436 1737 relata
1462 1697 1552 1737 sunt
1568 1727 1580 1747 ,
1600 1695 1767 1752 Poppaea
1785 1700 1824 1737 ὃς
1844 1694 2053 1750 Tigellino

675 1773 837 1808 coram,
876 1759 984 1812 quod
1019 1773 1101 1800 erat
1138 1759 1314 1800 saevienti
1349 1761 1526 1816 Principi
1552 1761 1737 1800 intimum
1771 1758 2053 1808 consiliorum,

674 1821 919 1877 interrogat,
948 1839 969 1859 ‹<
990 1837 1039 1863 an
1058 1824 1212 1864 Seneca
1227 1822 1495 1865 voluntariam
1516 1837 1684 1865 mortem
1705 1836 1859 1880 pararet
1873 1840 1894 1860 >2
1912 1825 1925 1862 ?
1945 1822 2053 1863 Tum

717 1962 910 1991 ²V13NENUM
932 1973 993 1993 uon
1026 1966 1273 2002 Pnocrssmmr]
1298 1964 1345 1995 De

676 2008 803 2030 veneno
825 2000 941 2030 dicium
958 2002 1044 2040 supra
1067 2013 1132 2041 cap.
1154 2014 1204 2043 45.

718 2040 785 2070 2ΙΞΤ
801 2042 982 2078 HAcTHx'US]
999 2042 1086 2072 Solus
1102 2043 1237 2079 Natalis,
1252 2043 1345 2073 etiam

678 2076 841 2115 haelenuffi
865 2079 897 2108 id
911 2081 950 2110 est
974 2081 1013 2110 ad
1027 2080 1104 2112 hanc
1122 2082 1215 2121 usque
1239 2082 1344 2118 diem,

678 2126 787 2155 promp
792 2117 835 2148 fit.
864 2119 961 2149 Forte
981 2128 1086 2150 tamen
1120 2119 1150 2150 G
1183 2122 1344 2152 redundat.

676 2157 769 2186 Abest
789 2167 804 2186 a
829 2158 881 2187 Ms.
900 2159 998 2189 Corb.

721 2198 936 2228 3SULUREANO
971 2201 1083 2237 nuniz]
1119 2200 1343 2233 Nomentano

676 2234 715 2263 de
738 2245 801 2273 quo
815 2237 930 2266 Seneca
954 2239 1007 2276 Ep.
1033 2240 1113 2269 CIV.
1134 2239 1167 2268 In
1191 2240 1231 2268 NL
1230 2250 1345 2268 menra-

677 2284 739 2302 rzum
764 2285 848 2303 meum
867 2274 917 2315 fug
925 2276 942 2305 ἱ.
965 2277 1044 2308 Vide
1061 2279 1158 2308 Notas
1176 2279 1209 2310 ὅ(
1230 2280 1343 2309 Emen-

678 2313 820 2344 dationes
845 2315 882 2344 ad
905 2317 1015 2346 Annal.
1032 2319 1103 2351 XV,
1119 2322 1169 2348 60.

715 2357 729 2374 4
742 2354 828 2382 Pom
836 2366 862 2383 El
869 2366 884 2383 x
900 2356 1057 2386 Piorum
1070 2358 1083 2393 ]
1096 2358 1265 2388 Paullinam
1277 2358 1346 2388 fuis-

676 2389 704 2419 se
722 2390 816 2420 filiam
848 2394 988 2436 Pompeii
1015 2397 1134 2426 Paulini
1153 2421 1161 2432 ‚
1192 2398 1343 2428 exercitus

676 2429 849 2460 Germania:
875 2432 1034 2464 inferioris
1066 2436 1180 2474 legati,
1213 2437 1250 2467 de
1279 2448 1343 2475 quo

674 2467 760 2507 supra
776 2471 887 2500 Annal.
907 2473 979 2502 Xlll
990 2485 1073 2513 ‚53,
1093 2460 1246 2508 existimat
1265 2477 1344 2515 Lip—

1385 1964 1461 1995 ssus:
1475 1965 1612 1995 sororem
1625 1965 1701 1995 vero
1711 1963 1858 2002 Ryckius.
1872 1963 1962 1993 Nihil
1975 1962 2051 1994 certi

1385 2004 1579 2042 pronuntiari
1610 2004 1717 2042 potest.
1742 2004 1830 2033 Illam
1856 2003 1955 2033 adhuc
1977 2003 2053 2033 ado-

1385 2043 1551 2073 lescentem
1568 2043 1674 2079 fuiffe,
1689 2045 1759 2073 cum
1779 2044 1841 2081 jam
1866 2043 1957 2073 senex
1979 2042 2051 2072 esset

1384 2085 1517 2118 Seneca,
1541 2092 1623 2121 patet
1642 2093 1679 2112 ex
1696 2084 1817 2113 Senecae
1839 2084 1894 2121 Ep.
1909 2083 1991 2113 CIV.

1423 2128 1430 2148 5
1456 2123 1668 2152 Lrssssnrirrm
1692 2124 1838 2157 SENEc-E,
1862 2133 1950 2158 QUAM
1977 2131 2050 2152 stn-

1386 2163 1535 2198 vxrium]
1558 2161 1704 2200 Egregia
1729 2162 1779 2191 dio
1763 2172 1883 2200 gnaque
1908 2161 2050 2200 philoso-

1384 2200 1457 2239 pho
1483 2202 1542 2230 Sed
1572 2200 1632 2231 sera
1658 2201 1717 2231 fuit
1750 2201 1901 2237 libertas,
1923 2201 2049 2239 jamque

1385 2240 1555 2278 praevalidis
1574 2240 1721 2279 Principis
1746 2240 1842 2270 vitiis.
1865 2240 1947 2270 Prius
1971 2240 2048 2270 vero

1384 2279 1564 2315 servitium,
1591 2279 1642 2309 seu
1675 2288 1709 2310 ut
1740 2279 1867 2310 mollius
1897 2280 2047 2316 eloquar,

1385 2319 1464 2357 prius
1472 2318 1724 2362 promptiusque
1717 2329 1749 2348 in
1759 2330 1824 2349 nov
1826 2329 1856 2348 as
1866 2317 2050 2348 ferocientis

1383 2369 1479 2388 animi
1496 2358 1642 2387 libidines
1656 2357 1754 2388 fuerat
1768 2357 1961 2396 obsequium.
1976 2356 2048 2393 Qua

1384 2397 1416 2426 in
1429 2408 1459 2441 rc
1473 2396 1667 2436 quantumsit
1681 2406 1841 2435 peccatum
1857 2396 2049 2434 intelligent,

1384 2437 1437 2476 qui
1453 2437 1639 2473 hominum,
1652 2447 1686 2468 ac
1701 2446 1836 2468 maxime
1850 2435 2050 2475 Principum,

1383 2486 1506 2508 animos
1521 2484 1649 2508 norunt

2088 881 2137 907 10

2089 1197 2135 1235 15

2083 1512 2138 1537 20
