2223 3033
526 327 641 341 Ξ

525 358 555 381 A.
568 359 597 382 U.
609 359 638 383 C.

548 404 617 439 819.

548 462 575 485 J.
586 462 617 486 C.

558 507 610 536 66.

935 226 982 267 C.
1042 226 1478 268 CORNELII
1537 226 1842 270 TACITI

664 321 772 361 »que
792 306 923 362 adepti
943 306 1195 348 consulatum
1218 312 1257 348 ὅ(
1278 308 1497 349 sacerdotia
1513 339 1526 359 ‚
1548 311 1759 351 hortorum
1777 312 1908 366 potius
1928 325 2048 353 amoe-

663 371 810 410 »nitati
827 370 1063 411 inservirent
1087 373 1133 410 »ἓ
1161 371 1269 425 quod
1297 371 1408 412 velut
1424 371 1548 412 telum
1571 375 1768 430 arripuere
1783 375 2048 417 accusatores.

728 433 959 474 XXVIII.
992 433 1059 473 ET
1103 435 1262 473 initium
1304 435 1477 475 faciente
1509 436 1742 477 Cossutiano
1769 467 1782 487 ‚
1822 436 1971 489 majore
2007 439 2050 478 vi

666 495 913 546 Marcellus,
934 513 956 533 «
979 497 1171 538 summam
1200 496 1489 552 rempublicam
1508 500 1572 552 agi
1591 516 1611 535 »
1634 499 1886 541 clamitabat:
1910 503 1932 537 ὲ(
1953 515 2048 542 con-

662 576 686 597 »
697 558 871 600 tumacia
883 559 1116 601 inferiorum
1129 591 1141 611 ,
1158 560 1366 600 lenitatem
1382 562 1644 616 imperitantis
1658 562 1849 602 deminui.
1864 565 2048 603 Nimium

664 624 812 664 »mites
827 623 875 663 ad
891 638 978 664 eam
999 624 1105 664 diem
1126 636 1255 680 patres
1271 652 1284 674 ,
1311 624 1378 676 qui
1401 623 1616 665 Thraseam
1634 625 1921 666 desciscentem
1937 655 1950 676 ‚
1980 627 2049 679 qui

662 701 890 741 »generum
916 685 999 738 ejus
1014 716 1026 736 ,
1050 686 1287 728 Helvidium
1310 686 1489 727 Priscum
1511 693 1521 709 ¹
1538 717 1551 738 ,
1578 689 1618 728 in
1643 687 1780 729 iisdem
1809 688 2006 729 furoribus
2033 717 2048 739 ,

662 749 809 789 »simul
842 751 1063 790 PaconIum
1098 751 1367 805 Agrippinum
1391 778 1405 800 ‚
1443 752 1596 805 paterni
1621 752 1661 790 in
1688 752 1893 808 Principes
1928 752 2011 792 odii
2032 755 2046 772 ²

663 812 884 853 »heredem
898 842 910 862 ,
934 816 974 853 ὂζ
997 813 1183 853 Curtium
1203 813 1450 854 Montanum
1469 818 1478 840 ³
1495 843 1508 864 ,
1531 813 1756 854 detestanda
1777 816 1951 854 carmina
1970 815 2048 855 fac-

662 877 910 926 »titantem‚
935 875 1096 917 eludere
1120 876 1283 932 impune
1309 876 1491 916 sinerent.
1517 877 1738 931 Requirere
1762 877 1801 916 se
1836 878 1878 917 in
1910 877 2048 918 senatu

662 938 948 979 »consularem
968 968 981 989 ‚
1017 941 1059 979 in
1088 941 1192 980 votis
1225 939 1504 989 sacerdotem,
1536 941 1576 978 in
1611 938 1866 992 jurejurando
1893 941 2046 980 civem:

664 1001 767 1040 »nisi
786 1031 800 1052 ,
828 1016 970 1043 contra
1000 1003 1174 1043 instituta
1202 1006 1244 1043 δε
1278 1004 1522 1043 caerimonias
1549 1001 1775 1055 majorum,
1801 1003 2048 1058 proditorem

663 1063 827 1119 »palam
851 1069 891 1105 ὃς
919 1066 1071 1105 hostem
1094 1065 1270 1106 Thrasea
1297 1065 1493 1105 induisset.
1526 1065 1714 1120 Denique
1746 1080 1862 1120 agere
1897 1066 2049 1106 senato-

662 1143 685 1163 2)
696 1141 779 1166 rem
793 1157 806 1177 ,
837 1131 876 1167 δί
903 1128 1099 1184 Principis
1123 1128 1405 1168 obtrecstatores
1433 1141 1644 1183 protegere
1666 1127 1804 1168 solitus
1820 1158 1832 1178 ,
1858 1130 2015 1169 veniret
2033 1157 2048 1179 ,

662 1189 877 1230 »censeret
896 1190 990 1244 quid
1011 1192 1184 1246 corrigi,
1211 1204 1278 1231 aut
1302 1192 1447 1231 mutari
1474 1189 1599 1231 vellet
1618 1208 1625 1230 ε
1650 1190 1806 1231 facilius
1827 1190 2048 1246 perlaturos

661 1252 846 1307 »lingula
865 1255 1141 1309 increpantem
1155 1284 1168 1304 ‚
1190 1252 1307 1308 quam
1331 1268 1440 1294 nunc
1456 1252 1655 1294 filentium
1675 1254 1896 1310 perferrent
1915 1256 2051 1296 omnia

661 1331 684 1353 >›
695 1316 932 1357 damnantis.
965 1317 1112 1357 Pacem
1146 1316 1205 1356 illi
1233 1332 1302 1372 per
1332 1316 1469 1357 orbem
1496 1330 1606 1357 terrae
1623 1322 1669 1367 4,
1695 1332 1744 1357 an
1763 1318 1947 1358 vi&orias
1970 1317 2050 1358 sine

661 1378 841 1419 »damno
867 1381 1116 1420 exercituum
1137 1379 1377 1435 displicere?
1403 1381 1470 1420 Ne
1501 1381 1709 1420 hominem
1736 1379 1852 1420 bonis
1876 1378 2049 1436 publicis

662 1443 867 1481 »maestum
882 1472 894 1492 ,
918 1446 958 1482 &
974 1443 1040 1497 qui
1063 1443 1148 1483 fora
1163 1472 1176 1493 ,
1199 1445 1351 1483 theatra
1367 1472 1380 1492 ‚
1402 1441 1554 1498 templa
1584 1458 1656 1498 pro
1686 1441 1900 1482 solitudine
1933 1442 2049 1484 habe-

662 1519 755 1545 »ret
773 1510 785 1536 5
800 1534 814 1555 ,
842 1507 909 1559 qui
924 1507 1175 1546 minitaretur
1191 1505 1368 1546 exsilium
1386 1505 1499 1546 suum
1513 1534 1527 1557 ,
1545 1505 1774 1547 ambitionis
1792 1520 1920 1561 pravae
1937 1521 2049 1547 com-

667 231 757 275 276

705 1625 714 1639 ¹
739 1620 935 1651 Hstvmnm
953 1621 1119 1659 muscum]
1146 1622 1193 1652 De
1210 1622 1267 1654 illo
1288 1623 1337 1653 in—

663 1657 710 1727 {ra
730 1659 805 1689 Hist.
828 1661 888 1697 lv,
910 1671 962 1698 42.
980 1660 1060 1691 Vide
1080 1662 1114 1692 ὃς
1130 1661 1265 1692 Plinium
1282 1664 1335 1693 111.

689 1709 719 1737 p.
738 1709 786 1727 ιι.

705 1740 715 1752 ²
730 1739 875 1780 'Parnm
893 1750 923 1768 m
936 1740 1098 1770 mecn’ts
1115 1742 1208 1778 oon]
1230 1741 1271 1770 M.
1285 1742 1337 1771 Pa-

663 1785 792 1812 conius,
811 1778 937 1807 Paeonii
965 1778 1127 1817 Agrippini
1156 1789 1259 1818 parer,
1281 1780 1337 1809 Ti-

662 1814 742 1858 berii
761 1815 877 1845 saevitia
887 1838 894 1851 ‚
907 1824 1065 1856 tamquam
1077 1819 1239 1856 majestatis
1248 1829 1315 1849 reus
1327 1843 1335 1856 ,

662 1864 816 1884 innocens
846 1855 1050 1893 conciderat,
1075 1865 1109 1887 ut
1132 1857 1251 1887 dicetur
1271 1868 1336 1896 cap.

661 1893 723 1932 seq.
740 1895 886 1938 Suprema
903 1896 966 1933 ejus
989 1894 1051 1926 fata
1069 1896 1207 1933 pluribus
1234 1905 1336 1927 narrat

662 1933 832 1963 Suetonius
862 1933 895 1963 in
928 1933 1035 1965 Tiber.
1061 1936 1144 1965 LXI.
1177 1935 1336 1964 Annalibus

1377 1622 1430 1662 qui
1448 1622 1527 1654 olim
1544 1622 1604 1654 fuit
1618 1622 1650 1652 in
1667 1620 1772 1652 museo
1787 1620 1925 1660 Collegii
1941 1621 2049 1653 Ludo-

1376 1662 1440 1692 vici
1476 1662 1580 1701 Magni
1600 1673 1606 1690 :
1639 1662 1718 1691 IMP.
1748 1662 1861 1691 NERO
1895 1662 2049 1692 CLAUD.

1377 1702 1486 1731 CAES.
1500 1702 1625 1732 GERM.
1639 1701 1668 1730 P.
1686 1700 1728 1730 M.
1744 1701 1811 1730 TR.
1822 1701 1853 1730 P.
1868 1700 1952 1730 xm.
1970 1701 2002 1730 P.
2017 1701 2049 1731 P.

1377 1742 1478 1779 Caput
1505 1740 1641 1771 Neronis
1670 1739 1849 1769 laureatum.
1877 1741 1913 1768 In
1941 1739 2048 1769 aversa

1376 1788 1480 1818 parte,
1505 1781 1607 1810 PACE
1631 1779 1678 1808 PR
1701 1779 1837 1808 TERRA
1858 1778 2049 1816 MARIQVE

1376 1819 1511 1849 PARTA
1532 1818 1670 1849 IANVM
1685 1818 1836 1848 CLVSlT
1854 1818 1912 1847 SC.
1937 1818 1972 1847 Id
1988 1817 2047 1852 est,

1376 1857 1528 1895 Imperator·
1543 1858 1620 1887 Nero
1642 1855 1777 1886 Claudius
1792 1855 1885 1894 Caesar
1898 1856 2047 1886 Germani-

1376 1907 1424 1925 cus
1436 1921 1445 1933 ‚
1460 1896 1584 1934 pontifex
1605 1896 1742 1925 maximus
1755 1919 1764 1933 ‚
1787 1894 1939 1924 tribuniriae
1957 1895 2047 1934 potes-

1376 1937 1444 1965 rasis
1475 1946 1558 1966 anno
1589 1934 1685 1972 XIII,
1711 1944 1791 1971 pater
1818 1934 1918 1971 patriae
1941 1957 1950 1971 ‚
1976 1944 2048 1971 pace

653 1971 716 2010 suis
727 1973 769 2001 vir
779 1972 927 2017 conffilaris
945 1973 1076 2012 inseruit,
1089 1973 1136 2011 fre
1155 1974 1229 2003 uenti
1250 1985 1336 2013 quon-
1372 1973 1464 2012 populi
1481 1974 1599 2003 Romani
1619 1975 1691 2003 teri-si
1713 1973 1834 2012 marique
1849 1974 1933 2011 patrii
1945 1977 2047 2005 Ianum

663 2009 726 2039 dam
751 2012 890 2048 convivzo,
909 2013 952 2041 cui
976 2012 1006 2041 [7¹
1023 2012 1075 2051 is'ss
1099 2023 1114 2041 α
1140 2014 1229 2050 uerit,
1251 2015 1357 2043 inter-¹

662 2059 788 2116 τῗξαῑιυη
797 2050 948 2089 eum-subito
963 2051 992 2081 ὓ
1003 2051 1076 2080 clare
1085 2062 1101 2080 a
1114 2051 1226 2091 quodam
1240 2063 1313 2082 nano
1325 2077 1334 2090 ‚

663 2098 680 2116 α
694 2088 788 2126 stante
813 2091 909 2128 mensae
933 2091 1005 2120 inter·
1025 2101 1152 2129 coprem,
1181 2102 1229 2120 cur
1249 2091 1336 2121 Paco-

663 2127 747 2164 nius,
763 2129 911 2168 majestatis
931 2140 1010 2167 reus,
1029 2129 1133 2159 tamdiu
1149 2131 1251 2160 vivere?
1262 2131 1336 2170 :sta-

661 2166 712 2195 tim
721 2167 864 2205 quamdam
871 2168 1053 2205 petulantiam
1064 2169 1166 2209 Iinguae
1176 2170 1334 2210 objurgaffi,

663 2215 781 2235 ceterum
796 2207 851 2245 post
865 2218 968 2243 paucos
984 2208 1042 2238 dies
1057 2208 1187 2248 scripfiffe
1200 2210 1314 2248 ftnarui
1326 2234 1334 2247 ,

663 2254 692 2273 ur
706 2245 738 2274 de
748 2248 829 2282 paenci
843 2246 961 2276 Paeonii
977 2250 1055 2287 qua'm
1068 2248 1335 2287 primumstarueret.

706 2290 714 2309 3
740 2286 892 2316 Cunnum
910 2287 1123 2324 ΜοΝτΑκυΜ]
1142 2288 1188 2318 De
1208 2298 1271 2326 quo
1286 2289 1336 2318 in-

665 2322 710 2352 fra
726 2324 798 2354 Hist.
824 2327 864 2355 IV
878 2348 887 2361 ‚
907 2337 958 2363 42.

703 2366 718 2383 ⁴
739 2364 845 2392 Pacem
877 2375 941 2394 ηιι
972 2376 1030 2394 Pr—:R
1059 2376 1168 2395 ORBEM
1199 2367 1334 2403 Tanta]

665 2400 818 2431 Confecto
837 2404 1022 2434 Armeniaco
1043 2404 1130 2434 bello
1143 2426 1151 2439 ‚
1167 2412 1241 2435 tunc
1253 2405 1335 2444 quasi

662 2448 772 2475 pacato
793 2448 941 2471 terrarum
963 2444 1057 2479 orbe,
1088 2445 1198 2473 Janum
1229 2443 1335 2474 clausit

663 2477 750 2508 Nero
762 2502 770 2516 ‚
784 2479 817 2510 ὅ(
828 2479 910 2511 cusus
923 2481 962 2512 cst
974 2491 1031 2512 aere
1044 2492 1157 2521 magno
1175 2493 1333 2522 nummus,

1376 2013 1451 2053 clufit
1461 2025 1471 2042 .·
1483 2012 1723 2052 ftnarusconfidro.

1418 2059 1426 2080 5
1452 2054 1516 2084 Pno
1534 2063 1723 2084 SOLITUDINE
1739 2053 1907 2089 HABERET]
1923 2052 1973 2081 Ne
1984 2060 2046 2081 am-

1375 2091 1506 2122 bitionis
1525 2103 1624 2131 pravae
1643 2101 1825 2131 compotem
1844 2091 1981 2134 facerent
1991 2090 2047 2121 ho-

1375 2131 1494 2162 minem
1507 2155 1516 2167 ‚
1530 2132 1624 2162 bonis
1638 2131 1769 2170 publicis
1785 2131 1919 2161 maestum
1930 2140 1985 2174 &¹¹¹
1998 2129 2046 2160 fo-

1375 2170 1430 2207 ris,
1454 2170 1596 2207 theatris,
1613 2171 1756 2208 templis,
1779 2179 1880 2200 rarum
1894 2170 1928 2199 &
1944 2167 2045 2212 inste-

1376 2218 1542 2249 quentem‚
1563 2212 1597 2240 ὃς
1618 2210 1646 2240 se
1667 2211 1749 2240 Urbe
1778 2209 1926 2240 cessurum
1948 2217 2046 2236 mini-

1378 2258 1506 2279 tantem.
1534 2250 1605 2279 Haec
1636 2249 1683 2278 illi
1711 2258 1777 2279 non
1800 2247 1902 2278 videri
1923 2255 2044 2285 patrum

1377 2288 1536 2323 consulta,
1557 2298 1622 2318 non
1638 2298 1730 2318 veros
1751 2287 1958 2326 magistratus,
1978 2295 2044 2315 non

1377 2327 1462 2357 illam
1496 2327 1590 2365 ipsam
1615 2328 1723 2357 urbem
1753 2328 1935 2368 Romanam.
1963 2325 2045 2368 Ergo

1376 2367 1572 2404 abrumperet
1593 2366 1690 2396 vitam
1704 2367 1742 2396 ab
1761 2365 1796 2395 ea
1815 2364 1941 2395 civitate
1959 2373 2045 2400 cujus

1376 2414 1409 2436 ut
1426 2405 1502 2435 olim
1525 2405 1705 2440 caritatem,
1727 2414 1810 2434 nunc
1834 2403 1868 2433 δε
1894 2402 2045 2441 aspectum

1376 2444 1512 2474 exuiss'et.
1537 2443 1592 2472 Pro
1608 2442 1756 2482 solitudine
1779 2441 1911 2484 haberet,
1934 2441 1964 2470 id
1981 2441 2044 2476 est,

1375 2492 1408 2515 ut
1425 2485 1504 2515 reete
1527 2483 1661 2522 explicat
1684 2482 1791 2514 Illustr.
1811 2482 1941 2512 Hueuus
1953 2503 1962 2518 ,
1979 2487 2044 2511 tam

2083 889 2136 916 10

2084 1205 2132 1245 15

2078 1521 2134 1550 20
