2223 3033
532 338 562 360 Α.
576 339 604 361 U.
615 340 645 363 C.

553 382 624 412 818.

554 437 577 461 J.
596 439 626 463 C.

565 486 615 521 65·

892 207 940 248 C.
1008 209 1446 251 CORNELII
1509 210 1814 251 TAC1T1

670 287 902 329 Munatium
933 290 1128 341 Gratum,
1158 292 1382 332 Antonium
1399 290 1590 331 Natalem
1606 321 1618 341 ,
1645 291 1839 331 Martium
1860 292 2015 333 Festum
2032 321 2045 343 ,

672 353 823 405 equites
841 353 1073 394 Romanos:
1096 369 1146 394 ex
1160 354 1300 408 quibus
1326 356 1500 395 Senecio
1526 360 1554 404 ¹,
1580 369 1601 393 e
1626 353 1820 410 praecipua
1837 354 2042 395 familiari-

670 426 750 454 tate
765 416 962 466 Neronis,
980 416 1152 471 speciem
1171 419 1352 458 amicitiae
1373 419 1492 457 etiam
1514 430 1599 457 tum
1615 419 1789 458 retinens
1805 448 1817 468 ,
1847 422 1896 458 eo
1922 417 2045 474 pluri-

670 475 741 517 bus
756 476 944 532 periculis
966 479 1278 520 conflielabatur.
1295 480 1454 520 Natalis
1472 484 1485 500 ²
1503 481 1700 536 particeps
1716 481 1763 520 ad
1779 496 1898 521 omne
1913 482 2041 522 secre-

671 553 754 579 tum
770 540 904 581 Pisoni
919 555 1013 582 erat.
1042 542 1195 583 Ceteris
1213 543 1297 597 spes
1312 557 1362 583 ex
1376 544 1490 583 novis
1506 542 1620 583 rebus
1636 542 1854 598 petebatur.
1872 544 2041 585 Adscitae

670 602 779 653 sunt,
802 604 915 660 super
929 604 1116 645 Subrium
1139 609 1179 646 ὅ(
1202 605 1455 661 Sulpicium,
1484 606 1533 646 de
1555 606 1695 659 quibus
1718 605 1837 646 retuli
1859 636 1870 656 ‚
1898 607 2043 647 milita-

668 679 730 706 res
743 681 903 717 manus,
929 668 1101 708 Granius
1117 667 1303 708 Silvanus
1320 672 1360 709 ὃ(
1373 669 1521 709 Statius
1537 669 1746 709 Proximus
1764 699 1776 719 ‚
1797 668 1944 710 tribuni
1971 685 2042 710 co-

668 729 844 770 hortium
859 732 1125 786 praetoriarum
1140 761 1151 781 ,
1183 732 1388 772 Maximus
1412 734 1584 773 Scaurus
1608 736 1648 772 ὃ(
1677 734 1854 774 Venetus
1872 732 2016 774 Paulus
2029 761 2044 783 ,

669 795 937 834 centuriones.
964 794 1043 834 Sed
1062 794 1257 834 summum
1280 794 1401 835 robur
1422 796 1463 834 in
1477 796 1605 836 Fenio
1628 795 1739 836 Rufo
1755 824 1767 844 ‚
1800 796 1980 852 praefe&o
2002 801 2043 846 ³,

668 855 897 896 videbatur:
914 871 1032 910 quem
1048 856 1130 897 vita
1156 856 1338 912 famaque
1356 857 1561 898 laudatum
1578 887 1589 907 ⁷
1617 873 1686 913 per
1709 857 1895 899 saevitiam
1911 860 2042 915 impu-

668 919 925 973 dicitiamque
949 919 1175 974 Tigellinus
1206 922 1247 960 in
1278 922 1412 962 animo
1442 922 1637 976 Principis
1668 921 1842 961 anteibat
1861 951 1874 972 ‚
1900 922 2043 977 fatiga-

667 982 813 1036 batque
841 982 1186 1024 criminationibus
1210 1014 1222 1035 ,
1245 999 1291 1024 ac
1312 985 1409 1039 saepe
1430 986 1470 1024 in
1494 997 1643 1025 metum
1666 984 1882 1025 adduxerat
1898 1014 1910 1035 ‚
1939 985 2044 1039 quasi

673 1064 695 1083 «
711 1046 934 1088 adulterum
958 1048 1188 1102 Agrippinae
1211 1052 1244 1096 ⁴,
1262 1051 1300 1087 ὃς
1317 1047 1508 1088 desiderio
1527 1046 1609 1098 ejus
1625 1047 1771 1088 ultioni
1786 1049 1984 1088 intentum
2000 1066 2043 1088 ».

665 1109 793 1164 Igitur
809 1109 877 1149 ubi
892 1108 1130 1161 conjuratis,
1146 1109 1369 1165 praefe&um
1386 1125 1544 1164 quoque
1561 1112 1731 1165 praetorii
1752 1111 1792 1150 in
1809 1125 1937 1166 partes
1957 1111 2042 1152 des-

666 1173 839 1213 cendiffe
854 1203 866 1223 ,
896 1172 1036 1213 crebro
1055 1172 1169 1228 ipsius
1184 1173 1366 1213 sermone
1383 1173 1483 1213 faeta
1501 1173 1596 1213 fides
1615 1188 1624 1219 3
1656 1176 1874 1229 promptius
1893 1172 1971 1226 jam
1993 1175 2041 1215 de

664 1249 847 1292 tempore
865 1245 910 1276 a·c
925 1234 1020 1277 loco
1038 1235 1152 1276 caedis
1166 1236 1382 1290 agitabant.
1413 1236 1465 1276 Et
1494 1253 1514 1272 ‹<
1531 1236 1674 1292 cepisse
1702 1237 1897 1292 impetum
1912 1254 1933 1273 »
1966 1238 2043 1277 Su-

665 1298 772 1340 brius
798 1298 960 1340 Flavius
984 1298 1183 1339 ferebatur
1199 1329 1211 1348 ‚
1247 1317 1268 1335 «
1296 1301 1337 1338 in
1363 1298 1480 1340 scena
1505 1313 1716 1340 canentem
1740 1301 1949 1341 Neronem
1981 1315 2044 1354 ag-

665 1362 931 1417 »grediendi‚
949 1375 1016 1402 aut
1039 1364 1130 1402 cum
1145 1392 1156 1412 ‚
1188 1362 1349 1403 ardente
1372 1363 1494 1404 domo
1511 1367 1540 1412 5,
1569 1377 1638 1417 per
1662 1364 1819 1402 noCtem
1840 1365 1918 1404 huc
1943 1362 2043 1403 illuc

664 1425 873 1466 »cursaret
894 1425 1154 1466 incustoditus
1169 1442 1209 1464 ».
1233 1427 1314 1466 Hic
1337 1426 1493 1466 occasio
1515 1424 1767 1471 solitudinis3
1793 1425 1849 1465 ibi
1868 1425 1951 1480 ipsa
1965 1425 2042 1466 fre-

667 1490 830 1542 quentia
852 1490 952 1529 tanti
968 1489 1123 1529 decoris
1139 1489 1243 1528 testis
1261 1518 1272 1538 ‚
1294 1487 1609 1544 pulcherrimum
1631 1490 1807 1528 animum
1824 1487 1840 1509 ⁶
1856 1489 2042 1528 exstimu-

665 1549 846 1592 laverant
868 1568 875 1590 :
905 1551 975 1591 nisi
997 1552 1244 1606 impunitatis
1272 1551 1420 1607 cupido
1449 1551 1667 1592 retinuisset
1684 1581 1697 1602 ,
1718 1552 1872 1605 magnis
1889 1551 2041 1608 semper

666 1613 877 1655 conatibus
898 1614 1071 1655 adversa.

727 1677 804 1717 LI.
839 1677 1053 1717 limam
1084 1677 1359 1718 cun&a11tibus
1375 1676 1743 1732 prolatantibusque
1767 1678 1875 1734 spem
1892 1693 1938 1719 ac
1957 1693 2040 1719 me-

663 1752 750 1781 tum
766 1770 779 1790 ,
796 1739 1004 1795 Epicharis
1031 1741 1205 1794 quaedam
1222 1770 1235 1791 ‚
1257 1743 1455 1781 incertum
1479 1756 1654 1795 quonam
1678 1741 1801 1782 modo
1817 1741 2040 1794 sciscitata,

665 1806 808 1858 (neque
822 1802 883 1842 illi
901 1804 991 1844 ante
1013 1802 1094 1844 ulla
1110 1819 1242 1844 rerum
1258 1805 1510 1844 honestarum
1529 1819 1620 1845 cura
1633 1804 1785 1855 fuerat)
1803 1804 2040 1856 accendere,

665 1870 705 1907 ὃ(
727 1880 890 1921 arguere
919 1864 1149 1918 conjuratos
1182 1884 1189 1906 ε
1213 1883 1259 1908 ac
1291 1868 1488 1922 postremo
1509 1866 1760 1908 lentitudinis
1785 1882 1922 1908 eorum
1952 1882 2041 1923 per-

663 1930 860 1981 taesa,&in
871 1929 1090 1986 Campania
1103 1944 1223 1985 agens
1232 1931 1425 1986 primores
1434 1930 1726 1972 Classiariorum
1734 1930 2038 1971 Misenensium⁷

674 213 764 257 236

1412 2078 1419 2098 5
1446 2072 1597 2102 Ακυεκτε
1626 2073 1751 2109 nomo]
1775 2071 1912 2102 Neronis
1930 2071 2039 2103 domui

1371 2111 1475 2149 ignem
1492 2111 1622 2148 injicere
1637 2111 1880 2148 destinaverant,
1900 2120 1932 2142 ut
1944 2111 1977 2141 in
1991 2120 2041 2142 tu·

1372 2151 1471 2180 multu
1485 2151 1571 2180 Nero
1587 2150 1705 2181 facilihs
1723 2150 1958 2181 interficeretur.

1410 2191 1422 2208 ⁶
1444 2191 1705 2220 Puncnsnnmum
1732 2191 1887 2227 nmmum]
1911 2190 2037 2227 Quanto

1370 2229 1462 2259 nobis
1486 2229 1587 2259 sanior
1604 2239 1690 2259 mens
1712 2229 1827 2259 sacram
1839 2228 2039 2259 inviolatam-

704 2076 712 2089 ¹
736 2070 783 2100 Ex
810 2079 920 2106 Qumus
947 2071 1080 2101 Stin-:cro
1105 2071 1119 2107 ]
1158 2071 1243 2102 Alius
1272 2072 1331 2103 fuit

664 2109 744 2145 (nifi
760 2109 780 2138 fi
801 2110 1023 2148 exemplarium
1037 2110 1151 2140 vitium
1165 2112 1243 2141 estin
1254 2122 1331 2150 prce-

662 2148 815 2183 nomine)
844 2149 991 2179 Claudius
1016 2149 1147 2180 Senecio
1170 2174 1179 2188 ,
1208 2151 1245 2180 de
1267 2162 1330 2190 quo

663 2189 778 2218 dietum
792 2188 876 2226 supra
887 2189 996 2218 Annal.
1008 2190 1098 2226 Xlll,
1119 2200 1164 2219 12.

702 2231 710 2243 ²
736 2229 902 2264 Nix-ratis]
932 2231 978 2257 An
994 2228 1078 2258 idem
1092 2238 1126 2259 ac
1147 2228 1200 2259 ille
1210 2229 1330 2260 Natalis

663 2266 855 2296 divitissimus
876 2267 962 2296 fimul
989 2268 1021 2298 &
1043 2267 1276 2305 impurissimus,
1293 2270 1330 2299 de

662 2316 725 2344 quo
740 2308 855 2335 Seneca
867 2307 921 2344 Ep.
942 2307 1142 2336 LXXXVII?

703 2350 711 2369 Ξ
735 2345 928 2379 Pssffirrcro]
952 2346 1088 2375 Praetorii
1113 2346 1254 2384 praefeclo
1267 2371 1275 2385 ‚
1292 2347 1330 2378 de

661 2393 724 2421 quo
749 2384 833 2421 supra
852 2385 960 2414 Annal.
973 2386 1056 2421 XIV,
1076 2395 1125 2423 5¹·

699 2427 713 2443 ⁴
736 2424 938 2452 Abiit-rmum
967 2426 1147 2454 Aonippmffi
1174 2427 1188 2464 ]
1223 2425 1330 2457 Matris

658 2460 814 2499 Neronis,
838 2471 854 2492 a
867 2461 934 2492 filio
951 2462 1154 2501 interemptae,

1370 2278 1429 2312 que
1445 2269 1503 2312 effe
1517 2269 1694 2312 Principum
1714 2268 1899 2306 majestatem
1915 2267 1922 2298 !
1943 2267 1977 2297 Id
1987 2277 2039 2297 ra-

1369 2317 1415 2338 tio
1431 2332 1439 2344 ,
1464 2308 1495 2337 id
1509 2308 1620 2346 religio
1638 2308 1759 2338 clamat.
1781 2307 1815 2336 Id
1827 2307 1865 2336 ad
1878 2307 2038 2336 Romanos

1371 2349 1430 2392 iam
1446 2346 1600 2385 scripserat
1622 2347 1660 2377 D.
1676 2347 1781 2378 Paulus
1794 2369 1803 2382 ‚
1827 2347 1881 2384 Ep.
1896 2346 1934 2374 ad
1944 2346 2036 2376 Rom.

1370 2386 1711 2455 >x¹71l(']1.¹aeas&s(iiii³ionum
1731 2424 1974 2460 MisENENSIUM]
1990 2422 2038 2452 De

1368 2464 1424 2496 hac
1434 2465 1522 2497 claffe
1535 2464 1651 2496 dietum
1665 2464 1754 2503 supra
1768 2463 1949 2500 AnnaLIV,
1959 2471 1988 2502 5.

2078 870 2127 897 10

2076 1184 2123 1223 ¹5

2071 1499 2127 1526 20

2070 1817 2122 1854 25
