2223 3033
677 221 762 259 252
945 208 992 248 o.
1042 207 1454 250 CORNELII
1503 207 1789 252 TACITI

536 301 650 322 Ξ
674 289 830 345 praetori
844 289 1070 344 designato,
1086 289 1293 345 Tigellino
1307 321 1319 341 ,
1337 291 1518 348 praefefito
1540 293 1710 347 praetorii
1725 322 1737 342 ,
1751 290 1909 340 tribuit3
1925 292 2060 348 Tigel-

534 343 649 418 Αὲῗὲε·
673 352 801 393 linum
818 355 1051 393 &Nervam
1073 354 1127 394 ita
1152 353 1369 405 extollens,
1388 369 1457 405 ut,
1483 355 1598 410 super
1620 355 1881 412 triumphales
1906 358 1947 396 in
1970 357 2059 397 foro

548 444 572 467 J,
599 411 628 470 C]
673 417 866 471 imagines
887 421 921 466 ¹,
943 416 1047 472 apud
1060 416 1251 472 palatium
1272 433 1430 472 quoque
1447 418 1600 472 efligies
1622 434 1761 459 eorum
1782 420 1925 460 sisteret
1939 437 1946 459 :
1961 433 2059 461 con-

562 489 615 526 65.
673 479 813 520 sularia
825 479 989 534 infignia
1003 481 1257 536 Nymphidio
1269 485 1299 531 ²,
1313 481 1472 534 dequo,
1489 483 1580 534 quia
1592 497 1699 523 nunc
1714 485 1883 538 primum
1901 482 2058 524 oblatus

672 545 747 593 est,
763 558 889 598 pauca
901 557 1077 599 repetam
1093 561 1100 583 z
1117 559 1207 584 nam
1223 548 1262 584 ὅ(
1281 544 1363 599 ipse
1383 559 1469 599 pars
1484 545 1759 585 Romanarum
1781 545 1955 587 cladium
1969 548 2056 587 erit.
2116 556 2140 595 ς

671 607 802 660 Igitur
821 620 945 647 matre
961 605 1147 647 libertina
1167 620 1297 657 ortus,
1314 622 1397 660 quae
1421 622 1565 663 corpus
1587 608 1779 649 decorum
1799 610 1902 650 inter
1924 610 2056 650 servos

670 668 915 725 libertosque
935 671 1166 726 Principum
1194 669 1449 725 vulgaverat,
1472 685 1522 710 ex
1545 670 1593 710 C.
1611 671 1761 712 Caesare
1781 677 1789 700 ³
1819 672 1857 712 se
1873 673 2058 727 genitum

669 732 850 783 ferebat,
872 735 1061 787 quoniam
1081 763 1091 782 ,
1121 734 1226 774 forte
1256 733 1424 787 quadam
1452 733 1590 774 habitu
1619 750 1834 789 procerus,
1869 740 1909 776 &
1936 749 2055 777 torvo

669 795 785 837 vultu
802 803 930 838 erat4:
956 797 1033 837 five
1060 796 1107 838 C.
1135 797 1262 838 Caesar
1282 797 1508 838 scortorum
1533 811 1692 852 quoque
1718 799 1910 854 cupiens,
1934 800 2055 840 etiam

666 862 783 901 matri
804 859 887 912 ejus
912 860 1057 901 inlusit.
2089 881 2140 906 10

731 923 961 964 LXXIII.
996 926 1090 965 SED
1113 927 1254 976 Nero,
1278 940 1426 967 vocato
1449 926 1616 977 senatu,
1642 926 1825 967 oratione
1858 927 1960 967 inter
1986 941 2055 982 pa-

667 1000 746 1028 tres
777 986 911 1027 habita
927 1017 939 1037 ,
963 988 1135 1028 edichun
1161 990 1265 1045 apud
1296 989 1516 1046 populum,
1545 995 1585 1030 δε
1611 989 1759 1031 collata
1782 991 1824 1029 in
1852 989 1974 1031 libros
1999 991 2057 1030 in-

667 1050 799 1100 dicia,
823 1050 1165 1105 confessionesque
1188 1053 1467 1093 damnatorum
1505 1052 1699 1104 adjunxit.
1720 1053 1882 1093 Etenim
1913 1053 2055 1094 crebro

665 1112 780 1168 vulgi
802 1129 962 1154 rumore
984 1113 1258 1166 lacerabatur,
1289 1134 1309 1152 «
1331 1130 1533 1170 tamquam
1556 1118 1662 1157 viros
1683 1117 1860 1158 insontes
1874 1146 1887 1166 ,
1914 1116 1966 1157 ob
1992 1118 2055 1156 in-

665 1176 848 1216 :ovidiam
862 1208 874 1228 ,
893 1191 960 1218 aut
982 1192 1133 1219 metum
1147 1208 1160 1229 ,
1183 1180 1425 1221 exstinxisset
1441 1197 1483 1220 >›.
1505 1179 1697 1220 Ceterum
1716 1194 1892 1235 coeptam
1906 1209 1919 1229 ,
1941 1178 2054 1219 adul-
2090 1195 2103 1220 1
2115 1194 2137 1233 ς

663 1253 826 1294 tamque
840 1270 852 1291 ,
879 1245 919 1281 ὅ(
948 1243 1135 1283 seviciam
1151 1272 1163 1292 ,
1185 1241 1509 1295 conjurationem
1527 1258 1654 1297 neque
1671 1257 1769 1283 tunc
1795 1242 2026 1283 dubitavere
2040 1272 2054 1294 ,

664 1303 807 1358 quibus
832 1320 973 1345 verum
1000 1306 1194 1347 noscendi
1223 1322 1317 1347 cura
1347 1321 1429 1348 erat
1446 1337 1458 1357 ,
1484 1311 1525 1347 &
1544 1307 1746 1356 fatentur,
1768 1307 1835 1360 qui
1851 1307 1936 1362 post
1952 1307 2056 1347 inte-

663 1369 787 1408 ritum
807 1369 985 1409 Neronis
1008 1369 1049 1408 in
1070 1368 1219 1410 Urbem
1250 1370 1407 1425 regreffi
1431 1370 1534 1410 sunt.
1562 1371 1617 1410 At
1641 1371 1681 1409 in
1709 1369 1846 1409 senatu
1877 1371 2026 1410 cunffls
2041 1398 2055 1420 ,

662 1445 708 1471 nt
730 1432 875 1485 cuique
897 1431 1116 1486 plurimum
1138 1435 1310 1474 maeroris
1333 1439 1344 1465 5
1356 1464 1368 1484 ,
1389 1435 1429 1473 in
1458 1432 1731 1474 adulationem
1758 1432 1926 1473 demiffis
1942 1462 1955 1482 ,
1981 1433 2054 1476 Ju-

662 1495 776 1534 nium
813 1493 1048 1535 Gallionem
1071 1495 1115 1546 ⁶,
1146 1497 1308 1537 Seneca:
1341 1497 1470 1537 fratris
1505 1511 1634 1538 morte
1661 1495 1850 1552 pavidum
1869 1525 1880 1545 ‚
1913 1499 1953 1536 &
1981 1510 2054 1552 pro
2084 1509 2140 1534 20

661 1557 732 1597 sua
770 1557 1051 1599 incolumitate
1085 1559 1308 1615 supplicem
1322 1589 1335 1610 ,
1375 1562 1576 1616 increpuit
1613 1558 1796 1601 Salienus
1836 1558 2055 1610 Clemens,

669 1638 692 1658 «
715 1622 868 1662 hostem
903 1626 943 1663 ὃ(
978 1623 1216 1678 parricidam
1242 1641 1262 1660 »
1297 1639 1473 1665 vocans:
1501 1624 1633 1664 donec
1669 1621 1866 1664 consensu
1896 1636 2054 1679 patrum

664 1683 875 1725 deterritus
892 1686 945 1726 est
958 1716 970 1735 ‚
995 1703 1015 1722 «
1033 1701 1081 1726 ne
1110 1685 1282 1742 publicis
1299 1685 1412 1728 malis
1434 1687 1544 1728 abuti
1564 1687 1613 1727 ad
1629 1686 1882 1727 occasionem
1908 1687 2055 1742 privati

661 1763 683 1786 ³>
695 1748 778 1788 odii
798 1749 1000 1790 videretur
1013 1779 1026 1800 ,
1044 1764 1123 1790 neu
1137 1750 1358 1806 composita
1375 1756 1389 1778 ⁷
1405 1780 1418 1802 ,
1435 1754 1476 1791 ὃ(
1493 1749 1726 1801 obliterata,
1748 1749 2054 1790 mansuetudine

702 1846 711 1859 ¹
736 1841 970 1872 anumr’nArEs
994 1853 1024 1871 m
1051 1853 1134 1873 tono
1160 1846 1338 1882 macmts]
1381 1852 1486 1874 rantur
1507 1843 1612 1874 fratres
1631 1845 1774 1880 Senecae,
1796 1844 1927 1873 Annaeus
1949 1843 2053 1879 Mela,

659 1880 827 1911 Laureatas
840 1881 1007 1925 imagines,
1022 1892 1087 1920 quae
1102 1882 1133 1911 in
1146 1882 1218 1913 foro
1234 1883 1339 1913 trium·
1381 1892 1466 1922 pater
1496 1883 1617 1914 Lucani
1646 1892 1746 1921 poetae
1761 1906 1768 1918 ‚
1792 1884 1824 1913 ὅ(
1849 1883 1890 1912 Μ.
1919 1883 2052 1913 Annaeus

660 1919 802 1958 phalibus
819 1921 893 1950 viris
919 1922 1127 1959 ponebantur.
1381 1925 1543 1957 Novatus,
1561 1922 1612 1966 qui
1627 1945 1635 1958 ,
1651 1932 1667 1951 a
1679 1921 1827 1952 Gallione
1843 1921 1943 1960 postea
1955 1922 2052 1960 adop-

702 1964 713 1977 2
738 1960 931 1991 Nvmrnmio
948 1961 962 1997 ]
988 1961 1035 1990 De
1055 1971 1119 2000 quo
1147 1962 1234 2000 plura
1256 1962 1337 1993 infra
1379 1970 1458 1992 tatus
1471 1985 1480 1997 ,
1500 1964 1614 1992 Lucius
1632 1961 1740 1991 junius
1760 1961 1865 1991 Gallio
1883 1961 1979 1991 didius
2000 1962 2053 1992 cst.

660 1997 735 2028 Hist.
752 2000 782 2033 l,
808 2009 836 2038 5.
1379 2002 1434 2032 Ille
1456 2001 1518 2039 ipse
1540 2001 1579 2030 cst
1596 2000 1701 2031 Gallio
1715 2024 1724 2036 ‚
1742 2000 1795 2038 qui
1811 2001 1848 2030 D.
1865 2001 2010 2035 Paulum,
2033 2011 2052 2032 a

701 2042 710 2062 3
737 2039 780 2068 Ex
800 2040 836 2068 C.
852 2039 1010 2076 CAESARE]
1032 2039 1111 2070 Caio
1133 2041 1285 2079 Caligula.
1378 2040 1487 2071 Judaeis
1518 2041 1556 2070 ad
1582 2040 1668 2070 suum
1691 2040 1827 2069 tribunal
1861 2040 2025 2070 adductum
2040 2064 2051 2078 ,

698 2081 713 2099 ⁴
735 2078 859 2109 Toavo
879 2089 985 2109 vULTU
1002 2081 1107 2116 ERAT]
1127 2080 1172 2110 De
1186 2081 1334 2119 Caligula:
1378 2080 1575 2119 imperitante
1611 2079 1745 2110 Claudio
1769 2103 1777 2114 ‚
1811 2078 1947 2113 dimisit,
1983 2081 2050 2110 Αέὶ.

660 2116 847 2154 proceritate
884 2119 918 2148 ὃς
945 2118 1094 2148 torvitate
1118 2119 1192 2150 vide
1220 2122 1333 2150 Sueto·
1379 2120 1481 2158 Apost.
1505 2120 1627 2154 XVIII,
1649 2129 1694 2148 η.
1711 2119 1787 2148 Inde
1801 2143 1808 2154 ,
1822 2127 1855 2148 ut
1870 2118 1946 2148 mihi
1966 2118 2051 2149 vide-

659 2155 768 2191 nium,
792 2156 824 2185 in
851 2157 948 2192 Caio,
973 2158 1010 2187 L.
1034 2158 1185 2194 Plinium,
1203 2161 1262 2195 XI,
1288 2170 1333 2197 37.
1377 2168 1444 2195 tur,
1472 2158 1697 2189 commentitiae
1715 2158 1798 2188 Pauli
1821 2158 1859 2188 ad
1878 2160 2050 2194 Senecam,

659 2194 729 2225 sect.
747 2206 795 2234 54.
818 2197 884 2226 Nos
901 2207 1028 2235 quoque
1050 2197 1183 2228 diximus
1206 2198 1240 2228 in
1258 2200 1334 2237 Sup-
1374 2201 1497 2229 Seneca:
1510 2199 1548 2228 ad
1561 2199 1686 2228 Paulum
1705 2197 1847 2236 epistolae.
1861 2197 1963 2227 Postea
1973 2197 2049 2228 Gal-

659 2235 821 2272 plcmento
846 2237 959 2265 Annal.
982 2237 1049 2265 VIII
1064 2260 1072 2271 ‚
1091 2239 1139 2266 80.
1375 2238 1418 2267 lio
1433 2238 1557 2268 &Mela
1575 2237 1729 2268 interfecti
1744 2237 1827 2273 sunt,
1847 2237 1918 2267 teste
1931 2236 2047 2272 Dione,

702 2279 710 2299 5
737 2276 781 2303 U'r
805 2285 919 2309 chun
954 2286 1126 2305 Pisaurum
1156 2278 1332 2314 MAERORIS]
1376 2279 1471 2307 LXII.
1491 2288 1556 2316 pan.
1577 2289 1648 2315 713.
1664 2278 1710 2307 De
1725 2277 1807 2306 Mela
1828 2277 1947 2306 dicetur
1966 2273 2047 2305 infra

660 2313 734 2348 Quo
757 2313 884 2352 quisquc
903 2315 968 2352 plus
990 2316 1124 2346 maeroris
1145 2315 1278 2347 habebat
1291 2319 1332 2347 ob
1374 2317 1486 2347 Annal.
1506 2319 1593 2353 XVI,
1612 2328 1657 2355 17.

659 2361 821 2388 parentum
844 2377 852 2387 ,
887 2353 1066 2384 affiniumve
1079 2379 1088 2389 ‚
1124 2356 1239 2385 caedem
1256 2379 1264 2391 ‚
1295 2358 1332 2386 ei)
1411 2363 1422 2380 7
1446 2358 1473 2386 N
1489 2368 1502 2386 E
1515 2368 1532 2385 υ
1560 2369 1574 2387 c
1589 2369 1608 2386 0
1624 2368 1646 2385 Μ
1658 2367 1672 2385 P
1688 2368 1706 2385 o
1721 2365 1733 2384 s
1750 2366 1756 2384 1
1773 2365 1791 2384 τ
1804 2356 1847 2391 Α]
1864 2355 1934 2384 Neu
1948 2353 2046 2389 mala,

659 2399 722 2418 erat
744 2390 774 2419 in
797 2392 1010 2423 adulationem
1027 2394 1199 2430 dcmissiot,
1214 2404 1247 2426 ut
1259 2396 1334 2427 adu—
1373 2395 1544 2434 composita
1564 2398 1598 2427 ὅς
1619 2394 1787 2426 obliterata
1807 2392 2046 2423 mansuetudine

660 2428 777 2459 latione
797 2441 957 2460 maerorem
978 2441 1105 2472 tegerer.
1374 2435 1543 2475 Principis,
1570 2436 1609 2468 ad
1634 2443 1752 2467 novam
1769 2432 1919 2464 saevitiam
1950 2440 2045 2465 retra-

699 2469 710 2487 ⁶
733 2469 851 2500 JUNJUM
873 2472 1067 2504 Gsmiomrm
1083 2475 1098 2511 ]
1117 2474 1189 2505 Duo
1208 2484 1331 2511 memo-¹
1371 2474 1469 2509 heret.
