2223 3033
78 897 127 924 10

77 1210 123 1249 15

70 1527 125 1553 20

71 1841 122 1880 25

276 230 593 274 ANNALIUM
625 227 796 270 LIBER
830 225 1084 268 DECIMUS
1119 226 1385 282 QUINTUS.
1444 240 1528 280 245

152 313 334 356 tribunus
351 344 362 364 ‚
391 331 411 350 «
434 311 543 353 nulla
576 310 732 366 pavoris
763 308 899 363 signa,
935 306 1037 347 nihil
1062 309 1166 348 triste
1194 310 1236 348 in
1263 307 1394 349 verbis
1421 307 1530 360 ejus,

153 392 254 418 »aut
281 377 419 426 vultu,
440 373 728 430 deprehensum
747 389 767 408 »
797 371 1062 412 confirmavit.
1085 371 1192 425 Ergo
1206 401 1218 421 ‚
1246 389 1266 408 «
1287 372 1468 426 regredi,
1491 377 1530 412 ὅ(

153 441 362 481 »indicere
386 451 557 477 mortem
572 454 592 473 2>
626 434 784 488 jubetur
807 441 833 475 ¹.
854 434 994 474 Tradit
1009 433 1154 475 Fabius
1170 435 1355 475 Rusticus
1371 465 1383 484 ‚
1414 450 1532 475 «non

154 517 236 543 »eo
252 532 263 551 ,
284 517 364 555 quo
398 514 560 541 venerat
577 529 589 550 ‚
609 500 751 539 itinere
784 499 954 538 reditum
969 527 981 547 ‚
1013 497 1081 537 sed
1104 498 1251 537 flexisse
1279 499 1327 538 ad
1361 499 1532 539 Fenium

158 565 440 621 »praefectum‚
475 568 515 604 ὃς
539 563 725 618 expositis
755 561 913 602 Caesaris
937 559 1066 613 jussss,
1096 576 1146 600 an
1179 560 1532 617 obtemperaret»,

156 627 478 683 interrogaviffe:
500 628 778 679 monitumque
800 624 846 665 ab
869 640 940 674 eo,
976 641 997 660 <c
1011 637 1054 664 ut
1067 624 1345 677 exsequeretur
1358 640 1401 671 »ς
1422 625 1532 666 fatali

158 693 338 733 omnium
368 687 538 746 ignavia.
565 691 673 730 Nam
694 692 733 729 ὃς
752 687 937 728 Silvanus
953 689 1055 728 inter
1079 685 1309 738 conjuratos
1335 702 1436 738 erat,
1472 704 1534 730 au-

158 754 354 809 gebatque
382 752 556 802 scelera,
584 754 625 792 in
647 766 818 806 quorum
842 751 1040 791 ultionem
1069 750 1333 791 consenserat.
1354 753 1460 792 Voci
1478 767 1534 793 ta-

160 832 252 858 men
283 821 323 858 &
355 816 525 872 aspectui
561 817 762 871 pepercit:
792 813 1079 867 intromisitque
1113 813 1161 854 ad
1188 815 1383 855 Senecam
1409 829 1534 855 unum

158 895 208 920 ex
240 878 570 928 centurionibus,
597 880 664 932 qui
704 895 724 914 «
751 877 1020 918 necessitatem
1052 876 1236 918 ultimam
1261 894 1282 914 >›
1323 877 1534 919 denuntia-

157 957 230 985 ret.

220 1006 370 1047 LXII.
405 1006 513 1046 ILLE
548 1005 749 1047 interritus
780 1005 911 1062 poscit
946 1005 1208 1046 «testamenti
1231 1003 1384 1046 tabulas
1406 1023 1454 1045 »:
1487 1021 1535 1046 ac

157 1071 380 1124 denegante
407 1070 643 1110 centurione
666 1073 678 1089 ²
694 1099 706 1119 ,
733 1069 948 1110 conversus
969 1069 1018 1109 ad
1042 1070 1217 1118 amicos,
1247 1086 1268 1105 (ι
1283 1069 1442 1123 quando
1457 1084 1537 1110 me-

155 1134 273 1173 »ritis
310 1147 448 1173 eorum
479 1132 624 1172 referre
652 1134 819 1186 gratiam
844 1131 1105 1187 prohibetur,
1138 1132 1247 1185 quod
1279 1147 1403 1171 unum
1427 1131 1535 1185 jam,

157 1200 229 1236 »ἃ
250 1209 383 1236 tamen
418 1194 732 1250 pulcherrimum
753 1195 921 1245 habeat,
951 1196 1168 1249 imaginem
1198 1196 1286 1235 vitae
1315 1194 1388 1235 suae
1417 1194 1537 1236 relin-

155 1273 307 1313 »quere
338 1259 525 1299 testatur:
555 1256 668 1309 cujus
704 1259 729 1297 sl
754 1273 952 1299 memores
981 1258 1104 1298 essent
1135 1256 1328 1298 bonarum
1364 1260 1536 1310 artium,

156 1323 334 1362 »famam
374 1335 454 1362 tam
496 1322 708 1362 constantis
742 1323 923 1362 amicitiae
950 1320 1099 1361 laturos
1119 1338 1160 1360 ».
1196 1320 1326 1361 Simul
1352 1320 1536 1364 lacrimas

155 1400 295 1425 eorum
311 1415 323 1434 ‚
347 1385 469 1424 modo
490 1385 670 1424 sermone
684 1415 696 1435 ‚
716 1384 839 1424 modo
868 1386 1060 1425 intentior
1090 1385 1131 1424 in
1152 1385 1317 1425 modum
1344 1400 1536 1427 coercen-

155 1449 232 1498 tis,
260 1447 309 1488 ad
333 1447 617 1488 firmitudinem
644 1461 832 1497 revocat,
863 1449 1068 1502 rogitans:
1101 1464 1121 1482 «
1143 1446 1221 1487 Ubi
1251 1462 1446 1504 praecepta
1474 1450 1536 1490 sa-

156 1513 344 1567 »pientiae
369 1516 378 1539 3
400 1514 412 1550 ἒ
440 1511 506 1551 ubi
536 1525 597 1552 tot
623 1526 691 1566 per
717 1526 842 1551 annos
868 1511 1059 1552 meditata
1088 1511 1187 1551 ratio
1217 1511 1424 1552 adversum
1458 1514 1535 1552 im-

154 1575 409 1614 »minentia?
440 1575 517 1614 Cui
545 1576 651 1614 enim
672 1576 849 1629 ignaram
869 1574 980 1615 fuisse
1004 1574 1191 1613 soevitiam
1217 1576 1425 1615 Neronis?
1449 1577 1538 1616 Ne-

155 1654 177 1674 ³)
189 1653 263 1691 que
291 1636 399 1678 aliud
429 1637 620 1693 superesse
644 1639 728 1693 post
759 1652 954 1688 matrem,
977 1638 1216 1690 fratremque
1242 1643 1259 1665 4
1284 1638 1538 1689 interfefitos,

156 1699 306 1754 »quam
326 1713 369 1740 ut
391 1701 614 1741 educatoris
638 1701 968 1756 praeceptorisque
992 1715 1134 1741 necem
1158 1698 1348 1752 adjiceret
1369 1719 1412 1742 ».

218 1763 396 1804 LXIII.
432 1765 517 1804 UBI
545 1766 628 1804 haec
648 1777 764 1817 atque
787 1763 881 1805 talia
906 1765 946 1804 in
968 1778 1183 1804 commune
1205 1763 1405 1814 disseruit,
1426 1779 1537 1805 com-

156 1825 341 1883 pleciitur
363 1842 530 1868 uxorem
548 1842 559 1873 3
575 1832 615 1867 &
646 1826 868 1882 paullulum
894 1828 1077 1867 adversus
1101 1827 1331 1882 praesentem
1355 1828 1537 1868 formidi-

154 1904 247 1930 nem
270 1889 432 1931 molitus
451 1895 480 1940 5,
495 1905 610 1945 rogat
632 1905 797 1945 oratque
812 1921 823 1941 ‚
851 1908 871 1926 «
889 1904 1128 1946 temperaret
1143 1888 1346 1940 dolorem,
1370 1906 1418 1931 ne
1436 1905 1538 1931 :tter-

154 1968 284 1992 »num
314 1953 554 2008 susciperet3
587 1954 653 1994 sed
679 1955 719 1993 in
748 1953 1091 2009 contemplatione
1128 1955 1217 1993 vitae
1250 1969 1318 2009 per
1347 1956 1537 1995 virtutem

153 2017 275 2056 >›a&ae
289 2046 302 2066 ,
325 2016 558 2057 desiderium
578 2018 710 2058 mariti
730 2016 879 2058 solatiis
899 2017 1070 2057 honestis
1084 2015 1274 2057 toleraret
1290 2034 1332 2056 ».
1349 2015 1424 2057 Illa
1442 2033 1535 2059 con-

198 2139 206 2151 ¹
232 2135 388 2177 Iunxerat
406 2147 544 2167 MORTEM
570 2139 734 2175 wizzi-tm]
753 2140 847 2194 Sue-i
868 2139 902 2170 &
933 2138 1094 2178 sequentia
1128 2138 1263 2168 totidem
1292 2137 1395 2168 verbis
1428 2137 1538 2169 recitat

157 2182 225 2202 ton.
249 2183 282 2201 m
303 2174 377 2203 Ner.
396 2177 524 2206 XXXV.
547 2176 681 2206 Senecam
707 2188 826 2214 praesep-
868 2177 1047 2208 Scholiastes
1063 2177 1220 2207 Juvenalis
1234 2201 1242 2212 ,
1265 2187 1357 2216 quem
1380 2178 1539 2208 laudatum

157 2220 241 2240 torem
263 2210 299 2239 ad
319 2222 429 2242 mortem
452 2215 597 2251 compulit.-
621 2217 827 2256 quamvissaepe
868 2218 941 2248 vide
959 2217 1040 2247 inter
1061 2216 1252 2246 Testimonia
1267 2219 1424 2247 Veterum.

160 2260 337 2279 commeatum
349 2252 452 2287 peremi
466 2277 474 2289 ,
491 2253 612 2293 bonzffiue
632 2256 736 2285 cedenti
749 2267 828 2293 ‚per-
908 2261 922 2279 4
944 2257 1088 2285 MATREM
1128 2266 1342 2291 FRATREMQUE
1363 2259 1376 2293 ]
1407 2257 1538 2286 Matrem

150 2290 249 2329 sande*
263 2291 392 2336 Ῑυταᾙὲζ,
406 2292 592 2331 ficspec'lumse
604 2294 707 2334 frustra
720 2319 729 2332 ,
755 2295 829 2331 peri·
871 2295 1074 2334 Agrippinam
1088 2317 1096 2329 ‚
1115 2293 1238 2325 fratrem
1256 2295 1483 2325 Britannicum.

159 2339 300 2366 turrimque
315 2332 424 2366 ponas,
448 2333 526 2369 qua'm
547 2335 697 2362 nociturum
715 2334 748 2363 ei.
911 2339 918 2359 5
944 2334 1117 2371 Momws]
1142 2335 1223 2364 Male
1244 2333 1277 2363 in
1300 2335 1430 2374 vulgatis
1450 2334 1537 2364 libris

207 2373 217 2386 ²
241 2369 440 2399 DENEGANTE
462 2382 660 2402 crurumomz
682 2374 695 2409 ]
726 2374 829 2410 Quam
870 2372 997 2401 mollitus.
1026 2372 1106 2403 Vide
1143 2375 1241 2403 Notas
1272 2374 1304 2404 8<
1330 2374 1537 2404 Emendatio-

160 2406 257 2449 breve
279 2417 397 2452 tempus
420 2410 501 2452 niori
516 2411 592 2447 jussis
614 2412 700 2442 daret
722 2413 829 2449 Nero,
869 2422 923 2442 nes
949 2412 987 2442 ad
1009 2413 1120 2442 Annal.
1144 2415 1220 2448 XV,
1248 2417 1297 2450 63.
1324 2415 1482 2450 Quantum
1507 2413 1537 2443 se

163 2445 280 2475 dicium
294 2458 325 2477 in
348 2449 441 2478 Notis
463 2460 528 2488 cap.
549 2454 600 2480 60.
870 2453 980 2481 mutuo
1008 2451 1175 2490 diligerent
1196 2454 1310 2482 Seneca
1330 2454 1363 2483 ὅς
1396 2452 1541 2484 Paullina

205 2489 213 2510 ³
238 2486 295 2516 Um
323 2498 488 2519 ηερε-,ΠΛ
514 2491 737 2528 εΑΡιΕιςτιΕἳ]
758 2490 830 2522 Haec
870 2490 1027 2530 intelliges
1045 2501 1083 2522 ex
1108 2493 1231 2523 Senecae
1255 2493 1411 2530 Ep.C1v.

1556 361 1667 385 A.U.C.

1576 407 1648 435 818.

1574 462 1596 484 J.
1617 463 1648 486 C.

1587 512 1639 545 σς.
