2223 3033
93 886 139 911 10

89 1203 136 1242 15

80 1515 136 1541 2<2

299 221 613 264 ANNALmM
645 219 815 261 LIBER
849 218 1100 259 DECIMUS
1137 218 1401 272 QUINTUS.
1464 235 1485 258 2
1497 233 1550 269 37

174 302 397 344 labefacere
422 333 434 353 ‚
470 307 508 343 &
535 299 781 342 conscientia
808 299 975 353 inligare
1002 299 1176 339 connixa
1215 300 1268 340 est
1306 299 1376 340 tali
1419 302 1548 341 initio.

175 366 270 406 Erat
291 365 543 406 Chiliarchus
566 370 574 386 ¹
600 365 641 404 in
668 362 713 403 ezi
739 362 854 403 class‘e
869 361 1055 403 Volusius
1070 362 1264 403 Proculus
1279 392 1290 412 ,
1316 363 1546 403 occidendae

173 431 307 469 matris
334 428 510 468 Neronis
536 428 639 466 inter
667 427 889 475 ministros,
915 440 996 465 non
1026 439 1075 465 ex
1094 426 1368 479 magnitudine
1389 425 1548 467 sceleris

173 492 380 546 provectus
394 520 406 540 ‚
424 504 469 530 ut
479 488 647 530 rebatur.
657 490 694 530 Is
708 488 866 528 mulieri
881 489 1067 542 cognitus
1081 518 1094 538 ,
1108 488 1175 528 seu
1195 489 1333 529 recens
1351 488 1436 529 orta
1451 491 1547 529 ami-

173 553 266 594 citia
282 584 294 603 ,
321 554 416 594 dum
455 570 476 590 «
494 554 634 593 merita
665 567 758 607 erga
782 553 991 592 Neronem
1012 551 1098 601 sua,
1120 555 1159 591 ὅ(
1183 550 1298 605 quam
1325 554 1365 591 in
1381 554 1544 592 inritum

171 617 435 657 »cecidissent
457 633 500 665 2),
519 617 668 671 aperit,
695 614 909 668 adjicitque
931 615 1084 668 questus
1101 644 1112 664 ,
1135 618 1173 654 ὅ(
1207 632 1227 650 ι(
1242 615 1547 656 destinationem

172 680 403 729 >›vindic}ae,
426 679 452 718 fi
476 678 644 720 facultas
672 679 840 719 oriretur
865 695 909 728 »,
931 678 1039 734 spem
1061 677 1170 717 dedit
1193 678 1299 733 poffe
1321 678 1474 734 impelli
1503 683 1543 720 &

173 742 304 798 plures
328 742 546 783 conciliare
570 759 577 780 ε
615 756 727 782 «nec
751 741 839 782 leve
855 741 1046 781 auxilium
1065 742 1104 780 in
1121 739 1262 787 claffe3
1294 741 1448 782 crebras
1475 758 1545 783 oc-

172 806 378 846 »casiones
396 810 468 855 ²»,
495 806 585 859 quia
614 807 728 846 Nero
766 804 896 844 multo
929 805 1032 860 apud
1055 803 1246 844 Puteolos
1272 808 1311 844 ὅ(
1338 805 1544 846 Misenum

171 870 288 909 maris
314 869 385 908 usu
406 867 622 909 lactabatur.
646 868 754 922 Ergo
774 868 981 923 Epicharis
1004 866 1138 923 plura:
1160 871 1199 908 ὃ(
1230 868 1365 908 onmia
1397 868 1546 910 scelera

170 933 364 987 Principis
382 932 533 973 orditur
553 948 560 970 ε
591 948 611 967 κ
627 932 774 984 Neque
794 931 947 971 senatui
967 930 1060 983 quid
1077 945 1234 971 manere
1258 936 1268 959 ³
1285 961 1298 981 ,
1325 931 1391 972 sed
1412 933 1546 986 provi-

169 995 286 1034 »sum
300 1010 474 1048 quonam
487 994 610 1034 modo
625 1009 763 1050 poenas
788 994 928 1035 eversae
950 992 1178 1049 reipublicae
1195 994 1327 1035 daret:
1354 996 1544 1050 accinge-

168 1071 307 1098 »retur
337 1058 459 1099 modo
488 1072 632 1098 navare
649 1073 832 1113 operam,
859 1061 899 1097 ὅ(
924 1056 1097 1097 militum
1115 1058 1326 1098 acerrimos
1341 1058 1485 1098 ducere
1503 1060 1546 1099 in

168 1134 329 1177 »partes
343 1151 355 1171 ‚
373 1137 418 1162 ac
434 1122 553 1175 digna
568 1122 692 1176 pretia
710 1121 952 1176 exspectaret
970 1138 1010 1160 >›·.
1035 1122 1216 1160 Nomina
1243 1134 1377 1161 tamen
1399 1119 1543 1173 conju-

168 1198 345 1225 ratorum
375 1186 548 1225 reticuit.
582 1184 694 1224 Unde
718 1183 880 1224 Proculi
900 1183 1093 1224 indicium
1116 1185 1277 1224 inritum
1293 1184 1366 1225 fuit
1382 1214 1394 1234 ,
1413 1199 1544 1238 quam-

167 1249 227 1288 vis
254 1263 297 1288 ea
314 1276 326 1297 ,
353 1262 434 1301 quae
459 1248 659 1297 audierat,
682 1247 729 1287 ad
751 1249 961 1288 Neronem
987 1245 1196 1287 detulisset.
1225 1248 1371 1288 Accita
1396 1249 1544 1303 quippe

166 1310 375 1366 Epicharis
392 1341 404 1361 ,
435 1315 474 1351 ὃς
502 1325 594 1351 cum
616 1310 748 1350 indice
769 1310 1011 1365 composita,
1034 1308 1154 1350 nullis
1173 1309 1331 1351 testibus
1358 1312 1542 1350 innixum

165 1372 286 1414 facile
308 1374 546 1414 confutavit.
580 1373 659 1413 Sed
676 1373 757 1428 ipsa
772 1375 812 1412 in
829 1372 1004 1414 custodia
1024 1386 1178 1414 retenta
1198 1374 1251 1414 est
1268 1403 1280 1423 ‚
1298 1374 1543 1429 suspe&ante

166 1438 333 1477 Nerone
347 1466 359 1487 ,
378 1437 482 1477 haud
507 1435 603 1476 falsa
619 1435 694 1476 effe
710 1466 722 1486 ,
743 1437 864 1476 etiam
885 1451 968 1490 quae
990 1451 1083 1476 vera
1098 1451 1179 1476 non
1196 1435 1479 1492 probabantur.

228 1499 331 1540 LII.
366 1500 691 1541 CONJURATIS
732 1513 865 1540 tamen
909 1511 1019 1539 metu
1051 1499 1287 1554 proditionis
1320 1501 1509 1555 permotis
1528 1528 1543 1551 ,

166 1560 361 1619 placitum
391 1577 585 1604 maturare
602 1562 749 1603 caedem
770 1563 873 1619 apud
892 1562 1006 1603 Baias
1022 1592 1034 1611 ,
1057 1563 1096 1602 in
1112 1560 1208 1602 villa
1225 1563 1377 1604 Pisonis
1405 1580 1412 1602 :
1430 1562 1543 1615 cujus

165 1627 397 1667 amoenitate
415 1640 553 1682 captus
567 1625 696 1666 Caesar
709 1626 850 1668 crebro
868 1624 1089 1666 ventitabat
1102 1630 1134 1676 4,
1149 1624 1385 1679 balneasque
1401 1630 1439 1666 ὅ(
1451 1642 1542 1682 epu-

163 1688 222 1729 las
243 1688 388 1739 inibat,
404 1689 547 1730 omissis
561 1688 762 1739 excubiis,
780 1694 819 1730 ὃς
842 1689 1010 1730 fortuna:
1037 1688 1110 1727 suae
1130 1687 1238 1728 mole
1254 1694 1281 1728 5.
1306 1689 1385 1729 Sed
1405 1689 1544 1730 abnuit

164 1752 256 1792 Piso
280 1770 300 1789 «
320 1752 513 1793 invidiam
529 1770 549 1789 >2
574 1753 820 1808 praetendens
836 1782 847 1803 ,
869 1769 890 1790 ‹<
908 1752 934 1791 fi
950 1753 1058 1793 sacra
1083 1752 1225 1792 mensae
1253 1752 1386 1806 diique
1407 1753 1543 1808 hospi—

164 1814 294 1856 »tales
323 1815 429 1856 caede
461 1814 760 1870 qualiscumque
793 1816 988 1871 Principis
1028 1828 1342 1856 cruentarentur.
1390 1815 1542 1857 Melius

163 1878 458 1935 »apudUrbem
474 1880 514 1918 in
535 1877 603 1918 illa
630 1878 757 1920 invisa
772 1910 785 1931 ,
807 1883 846 1920 δε
873 1878 1009 1934 spoliis
1025 1879 1175 1919 civium
1190 1876 1378 1919 exstrufitfi
1395 1880 1542 1930 domo,

162 1940 261 1982 »vel
280 1943 320 1982 in
335 1941 500 1998 publico
515 1955 758 1998 patraturos,
777 1942 884 1998 quod
899 1957 971 1998 pro
993 1940 1200 1997 republica
1220 1942 1474 1997 suscepiffent
1498 1959 1541 1983 >›.

161 2006 261 2047 Haec
287 2006 329 2046 in
354 2020 570 2047 commune
596 2023 604 2045 ε
633 2009 811 2047 ceterum
832 2008 976 2046 timore
992 2004 1179 2055 occulto,
1203 2020 1253 2045 ne
1269 2005 1316 2045 L.
1337 2004 1493 2046 Silanus
1508 2004 1541 2058 ⁶,

202 2126 210 2139 ¹
236 2120 480 2159 CniuAchus]
499 2121 561 2159 Qui
580 2120 668 2153 mille
680 2121 831 2153 militibus

162 2159 275 2199 praeest.

204 2202 214 2215 ²
238 2199 387 2229 CREBRAS
414 2203 635 2238 occAsroNEs]
663 2201 731 2231 Nec
762 2201 831 2231 leve

163 2237 301 2268 futurum
330 2239 387 2268 effe
410 2240 560 2269 auxilium
581 2240 612 2269 in
637 2240 724 2270 class'e
738 2240 830 2270 Mise—

162 2276 266 2313 nenfi3
285 2277 465 2316 crebrasque
481 2279 525 2308 rei
542 2279 745 2309 conficiendae
763 2279 831 2309 fore

161 2316 351 2347 cccafiones.

203 2361 211 2381 3
237 2357 350 2391 NEQUE
371 2358 518 2386 SENATUI
545 2367 622 2391 Quin
657 2367 786 2386 MANERE
817 2357 830 2392 ]

159 2394 273 2433 Neque
311 2395 427 2425 senatui
459 2395 628 2434 quidquam
661 2395 735 2425 fidei
761 2406 831 2434 erga

162 2433 325 2464 Neronem
359 2445 482 2465 manere
512 2445 518 2464 ε
546 2435 596 2464 scd
620 2434 658 2464 ab
687 2445 724 2464 eo
756 2445 830 2472 pro-

160 2471 261 2503 visum
278 2496 289 2512 ‚
316 2484 455 2513 quonam
471 2474 569 2504 modo
597 2483 701 2512 poenas
719 2473 830 2506 eversae

872 2121 1048 2161 reipublicae
1071 2122 1166 2152 daret.

909 2167 924 2185 4
944 2163 1077 2192 Cnsmzo
1101 2161 1323 2197 vrnrrrABAT]
1344 2160 1429 2191 Vide
1439 2162 1538 2191 Notas

871 2201 905 2231 8<
935 2200 1176 2231 Emendationes
1224 2200 1262 2230 ad
1299 2200 1412 2230 Annal.
1456 2202 1540 2238 XV,

892 2251 921 2269 2.

874 2250 889 2279 5
913 2285 920 2305 5
945 2280 1106 2309 Forzssuuffi
1125 2288 1187 2308 SUAE
1207 2279 1316 2315 Μοιε]
1334 2280 1410 2318 Egre
1434 2279 1462 2309 ie
1475 2278 1540 2309 dic-

871 2327 945 2347 tum.
956 2317 1099 2347 Excubiae
1110 2318 1193 2347 enim
1207 2319 1275 2349 (unt
1284 2318 1395 2357 pariter
1420 2327 1540 2349 ortunae

871 2356 1040 2395 praefidium
1052 2358 1085 2387 &
1097 2358 1206 2387 moles.

909 2397 920 2414 ⁶
944 2397 980 2424 L.
999 2397 1156 2434 Sumus]
1175 2396 1313 2427 M.Junii
1333 2396 1427 2426 Silani
1438 2396 1538 2433 filius,

870 2434 993 2473 Augusti
1023 2443 1163 2473 atnepos.
1194 2436 1274 2468 Vide
1288 2438 1424 2468 Stemma
1439 2436 1539 2467 Caesa-

868 2484 937 2506 rum
951 2497 961 2513 ,
988 2484 1073 2505 num.
1091 2485 1141 2514 59.

1569 313 1686 328 a

1572 351 1643 374 A.U.
1653 351 1685 374 C.

1595 395 1666 422 813.

1589 445 1611 467 J.
1630 445 1663 468 C.

1602 491 1654 525 65.
