2223 3033
63 565 85 604 5

43 885 91 910 10

47 1201 92 1239 15

43 1515 99 1540 20

225 229 542 272 ANNALIUM
574 229 743 270 LIBER
777 226 1030 268 DECIMUS
1065 227 1330 283 QUINTUS.
1401 246 1421 268 2
1432 244 1483 280 33

112 313 225 365 »quo
250 313 440 352 invidiam
466 309 661 364 sacrilegii
683 325 704 349 a
732 308 855 350 semet
885 322 1081 350 averteret
1106 338 1118 357 ‚
1149 308 1361 363 longinqui
1390 312 1485 349 ruris

112 390 134 410 >›
146 375 333 415 secessum
348 374 536 419 oraviffe3
565 377 603 413 ὅ(
622 373 826 428 postquam
848 388 931 412 non
958 371 1279 422 concedebatur,
1310 370 1396 412 ᾖδΐέι
1417 389 1484 412 va-

113 436 323 477 »letudine
351 466 364 487 ,
401 436 504 491 quasi
539 450 638 490 aeger
671 437 828 485 nervis,
858 434 1093 476 cubiculum
1132 451 1214 475 non
1248 435 1417 489 egreffus
1443 453 1484 475 n.

114 499 330 540 Tradidere
357 499 541 553 quidam,
579 516 600 535 <c
638 513 838 539 venenum
863 500 899 538 ei
927 513 996 554 per
1028 491 1216 538 libtffstum
1247 499 1389 552 iplius,
1420 500 1485 539 cui

114 577 295 603 »nomen
315 563 542 612 Cleonicus,
567 576 744 617 paratum
760 591 772 612 ‚
802 560 902 613 jussu
926 562 1104 601 Neronis
1141 578 1147 599 :
1183 562 1430 614 vitatumque
1466 577 1488 602 a

113 624 299 666 »Seneca
318 626 548 681 proditione
567 624 727 674 liberti,
750 625 818 665 seu
846 622 1005 680 propria
1023 623 1237 663 formidine
1253 653 1266 673 ‚
1291 624 1384 663 dum
1406 639 1488 680 per-

115 688 315 744 »simplici
332 690 435 728 vi'c'tu
454 694 487 738 ¹,
510 692 549 728 δε
571 687 783 742 agrestibus
806 688 953 743 pomis,
976 702 1021 727 ac
1038 716 1050 736 ‚
1073 686 1098 725 s1
1123 686 1200 726 fitis
1224 686 1458 728 admoneret
1473 715 1488 737 ,

117 752 372 806 »profluente
395 750 493 805 aqua
512 753 635 791 vitam
651 750 795 791 tolerat
821 769 862 791 ».

179 814 343 855 XLVI.
378 816 471 855 PER
508 827 625 855 1DEM
664 828 819 870 tempus
846 812 1086 868 gladiatores
1107 843 1119 863 ,
1161 813 1265 869 apud
1297 813 1491 868 oppidum

116 877 303 918 Praeneste
333 882 372 927 ²,
401 877 551 918 tentata
574 879 783 933 eruptione
812 882 852 927 ³,
878 877 1052 932 praefidio
1082 875 1245 926 militis,
1279 877 1491 930 quicustos

118 939 263 981 adesset
276 971 288 990 ‚
317 942 484 982 coerciti
499 941 587 980 sunt
603 958 609 980 :
627 939 705 992 jam
734 958 755 977 «
770 942 1006 996 Spartacum
1025 946 1042 968 ⁴
1060 945 1100 980 ὅς
1116 953 1251 980 vetera
1268 938 1370 979 mala
1386 957 1406 975 >›
1429 953 1492 978 ru-

117 1003 294 1044 moribus
320 1004 472 1045 ferente
506 1002 658 1059 populo
674 1034 685 1054 ‚
704 1017 749 1043 ut
769 1005 821 1044 est
836 1018 1031 1044 novarum
1051 1018 1183 1043 rerum
1201 1004 1366 1058 cupiens
1383 1003 1493 1057 pavi-

119 1066 280 1120 dusque.
306 1068 398 1107 Nec
413 1066 540 1107 multo
557 1068 640 1122 post
663 1065 796 1107 clades
811 1068 868 1107 rei
882 1065 1032 1107 navalis
1047 1067 1264 1121 accipitur,
1285 1080 1366 1106 non
1383 1063 1496 1105 bello

120 1131 286 1185 (quippe
307 1130 411 1170 haud
431 1129 526 1171 alias
552 1143 631 1170 tam
651 1132 818 1171 immota
845 1135 940 1185 pax)
966 1128 1033 1169 sed
1066 1142 1220 1169 certum
1243 1128 1290 1169 ad
1320 1128 1425 1168 diem
1453 1129 1496 1168 in

123 1192 384 1248 Campaniam
405 1194 532 1234 redire
552 1192 710 1233 classem
726 1195 838 1234 Nero
854 1191 1011 1244 jusserat
1027 1222 1038 1242 ‚
1069 1207 1151 1231 non
1177 1192 1354 1246 exceptis
1380 1191 1497 1230 maris

124 1254 286 1296 casibus.
315 1255 422 1310 Ergo
439 1255 723 1310 gubernatores
738 1287 751 1306 ,
776 1257 955 1309 quamvis
984 1255 1166 1295 saeviente
1195 1253 1340 1310 pelago
1359 1269 1379 1293 a
1397 1255 1499 1296 For-

122 1320 212 1359 miis
230 1323 241 1349 5
261 1321 438 1369 movere,
457 1323 497 1360 ὅ(
516 1320 627 1373 gravi
649 1319 790 1359 Africo
812 1318 850 1368 ⁶,
871 1318 965 1358 dum
981 1319 1302 1373 promontorium
1321 1317 1469 1356 Miseni
1483 1321 1498 1343 ⁷

121 1382 302 1436 superare
319 1382 571 1422 contendunt
585 1412 598 1432 ,
624 1382 815 1422 Cumanis
828 1380 1012 1422 litoribus
1036 1377 1050 1402 ⁸
1074 1381 1233 1436 impaSti
1249 1410 1262 1430 ,
1278 1380 1500 1420 triremium

125 1443 351 1500 plerasque,
373 1449 411 1485 &
434 1447 588 1485 minora
604 1446 762 1499 navigia
778 1444 911 1500 passim
931 1443 1156 1484 amiserunt.

186 1507 376 1550 XLVII.
411 1510 528 1550 FINE
555 1510 646 1550 anni
664 1507 876 1562 vulgantur
903 1507 1084 1562 prodigia
1101 1507 1397 1546 imminentium
1419 1518 1501 1546 ma-

123 1569 255 1610 lorum
273 1572 422 1611 nuntia.
437 1573 509 1613 Vis
524 1570 729 1626 fulgurum
747 1586 827 1611 non
843 1569 936 1611 alias
953 1569 1127 1611 crebrior
1139 1599 1151 1619 ‚
1180 1573 1220 1610 ὅ(
1248 1568 1348 1609 fidus
1366 1582 1503 1610 come-

123 1646 210 1685 tes,
242 1633 433 1689 sanguine
454 1633 605 1675 inlustri
636 1634 790 1691 semper
821 1635 980 1676 Neroni
1014 1633 1218 1689 expiatum
1243 1636 1273 1672 9.
1308 1631 1502 1686 Bicipites

169 1779 178 1794 ¹
202 1776 408 1806 Pmsmmm
441 1776 569 1813 νῐςτυ]
599 1776 647 1806 De
662 1787 725 1816 quo
744 1787 797 1806 au-
834 1784 902 1814 pag.
923 1782 982 1813 547
1012 1773 1045 1804 &
1079 1773 1163 1812 seqq.

128 1813 258 1844 diendus
273 1814 333 1853 ipse
346 1817 461 1845 Seneca
474 1817 528 1854 Ep.
543 1817 715 1846 LXXXIII.
737 1792 815 1855 P.1-}
876 1820 883 1840 5
910 1815 935 1842 A
957 1814 1098 1843 Fonmxs
1119 1815 1133 1849 ]
1163 1811 1298 1842 Formiae
1322 1834 1330 1846 ‚
1356 1822 1395 1850 op
1422 1810 1508 1843 idum

128 1854 173 1883 nis
186 1852 378 1894 deindeficcus
391 1878 399 1889 ‚
415 1854 515 1894 &fine
528 1857 621 1884 mesisti
633 1855 776 1891 prandium
787 1868 795 1883 .·
835 1855 1053 1883 Auruncorum
1069 1863 1076 1882 z
1092 1862 1174 1882 nunc
1196 1851 1293 1888 Mola,
1315 1850 1385 1879 dans
1411 1861 1425 1878 a
1437 1860 1508 1879 terre

126 1892 182 1932 post
209 1892 276 1931 quod
302 1904 355 1922 non
376 1894 442 1930 sunt
469 1893 597 1922 laz'andae
621 1905 727 1923 manus.
751 1895 797 1925 De
836 1892 867 1921 de
880 1891 1002 1921 Labfflls-

129 1935 251 1963 Senecae
271 1932 447 1972 frugalitate
474 1933 547 1964 vide
568 1933 666 1965 adhuc
684 1934 797 1973 episto·
875 1933 887 1951 ⁶
915 1933 1036 1961 Afmco
1057 1931 1070 1967 ]
1100 1929 1141 1959 Le
1164 1937 1229 1959 vent
1251 1928 1282 1958 de
1303 1928 1469 1967 Suri-qusf.

132 1972 193 2002 lam
213 1973 323 2002 CVIII.
876 1976 889 1996 7
919 1972 1188 2000 Pnomouromum
1211 1969 1325 1999 strm
1351 1971 1363 2006 ]
1415 1969 1509 2000 Nune

170 2014 180 2026 ²
205 2013 355 2041 011³?va
373 2013 564 2050 anzsre]
595 2013 688 2044 Nunc
709 2012 800 2052 Ραῖςίῖ
839 2010 914 2045 Cafo
927 2008 953 2038 di
969 2008 1086 2046 Miss’HO·

131 2049 221 2083 trine,
239 2049 271 2079 in
287 2061 360 2089 agro
378 2052 533 2081 Romano.
879 2049 890 2069 ⁸
914 2051 1060 2080 Comibus
1083 2048 1275 2083 urorussus]
1297 2047 1381 2077 Inter
1395 2046 1469 2084 Capo
1480 2046 1510 2076 di

173 2094 181 2114 3
208 2090 358 2120 Tanaim
394 2101 568 2120 murriour:
595 2091 609 2127 ]
666 2091 800 2122 Tentata
839 2088 989 2127 Miseno&
1004 2086 1101 2115 Monte
1113 2085 1234 2124 Hiscello.
1255 2086 1324 2115 Haec
1337 2086 1431 2117 litora
1447 2087 1511 2117 Cu-

134 2127 299 2165 eruptione
312 2137 345 2158 ut
364 2128 517 2168 fugerent,
535 2132 634 2161 Atrox
648 2131 731 2161 enim
739 2131 802 2170 gla-
840 2138 936 2158 manae
947 2127 1072 2165 Sibyllae
1086 2125 1230 2163 spelunca
1248 2125 1460 2155 celeberrima.

133 2166 289 2197 diatorum
307 2167 390 2204 sors,
880 2172 893 2191 ⁹
916 2169 1044 2196 SEMPER
1063 2167 1192 2194 NERom
1217 2167 1401 2202 EXFIATUM]
1425 2165 1512 2195 Gro-

302 2224 507 2256 Uriviroisferro
540 2227 642 2252 enecari
842 2206 900 2236 tIus
925 2206 1048 2235 delebat
1072 2227 1081 2241 ‚
1103 2203 1208 2239 semper
1228 2227 1237 2239 ,
1267 2204 1354 2242 quod
1378 2204 1512 2234 minime

395 2244 408 2257 ⁰
510 2235 536 2259 9¹1
645 2244 651 2250 '
843 2244 1062 2284 quotidianum
1096 2242 1172 2272 fidus
1194 2265 1204 2278 ‚
1233 2252 1382 2274 cometes,
1421 2245 1514 2273 Bent-

172 2286 187 2304 4
209 2282 272 2310 JAM
290 2282 506 2319 SPARTAcum]
530 2284 686 2321 Spartacus
707 2307 715 2319 ,
735 2282 802 2320 gla-
842 2284 918 2314 Ieius
950 2283 1063 2313 retinet
1081 2303 1089 2315 ,
1115 2281 1220 2318 semper
1240 2291 1252 2315 ;
1283 2282 1332 2312 sed
1358 2282 1513 2312 sublatum

137 2320 239 2350 diator
251 2344 259 2356 ‚
275 2320 393 2350 bellum
407 2320 515 2350 servile
533 2321 706 2351 concitavit
718 2332 802 2351 anno
842 2323 927 2356 vult,
950 2321 1067 2351 Neroni.
1090 2320 1179 2349 Nihil
1198 2320 1388 2350 demendum
1408 2321 1514 2352 suadet

135 2360 171 2388 U.
199 2361 233 2389 C.
256 2370 401 2390 Dchxxl
427 2370 435 2388 ε
460 2369 516 2389 nec
543 2360 619 2389 illud
645 2361 802 2390 servilium
842 2361 957 2390 Plinius
972 2384 980 2396 ‚
1002 2361 1047 2395 ΙΙ,
1066 2369 1125 2398 25,
1143 2368 1280 2390 cometes
1297 2359 1443 2398 terrificum
1458 2371 1516 2389 ma-

136 2407 291 2428 armorum
327 2398 458 2428 dedecus
491 2398 643 2428 sublatum
679 2400 718 2428 est
748 2398 802 2428 nist
839 2401 897 2439 gni?
912 2410 946 2428 ex
957 2398 1121 2438 partefidus
1133 2422 1141 2432 ,
1167 2409 1200 2427 ac
1216 2409 1268 2427 non
1285 2398 1379 2428 leviter
1389 2400 1491 2436 piarum
1504 2424 1514 2435 ,

137 2446 220 2466 anno
239 2439 273 2466 U.
295 2439 330 2466 C.
350 2448 532 2467 Dcrxxxm.
556 2438 634 2468 Vide
653 2438 781 2467 Florum
795 2461 803 2474 ‚
842 2448 871 2466 ur
890 2439 964 2467 civili
977 2448 1047 2467 mem
1063 2462 1070 2471 ,
1094 2437 1207 2466 Οὲἕανῑο
1221 2438 1352 2476 consule;
1371 2439 1517 2477 iterumque

137 2476 219 2513 111,
253 2486 302 2505 20.
333 2477 367 2506 ὅ(
400 2476 595 2509 Plutarchum
622 2477 655 2508 in
676 2477 803 2516 Craffo,
842 2478 962 2516 Pompeii
987 2477 1016 2508 [r
1043 2476 1163 2517 Caefizris
1182 2477 1258 2507 bello.
1283 2477 1317 2506 ln
1340 2478 1424 2519 nostro
1454 2482 1516 2508 vem*

264 2519 368 2558 Tom.
390 2521 444 2562 II.
1252 2522 1288 2562 G
1307 2537 1332 2578 g

1511 362 1540 385 A.
1553 360 1623 383 U.C.

1533 407 1604 442 817.

1538 462 1560 484 J.
1579 461 1607 484 C.

1541 506 1594 540 64.
