2223 3033
875 193 924 233 C.
992 188 1430 232 CORNELII
1494 186 1800 229 TACITI

712 274 842 315 XIX.
878 275 1045 314 FORTE
1065 270 1144 312 illis
1165 271 1301 312 diebus
1322 271 1585 327 Campaniam
1605 271 1801 326 petiverat
1821 269 1974 321 Caesar,
1993 276 2033 314 ὃς

649 339 796 380 Cumas
814 337 936 390 usque
954 341 962 357 ¹
980 335 1201 392 progressus
1216 336 1425 376 Petronius
1448 333 1533 376 illic
1561 333 1814 375 attinebatur.
1832 335 1925 375 Nec
1941 334 2035 376 tulit

648 402 751 444 ultra
772 401 926 441 timoris
946 414 1013 441 aut
1038 400 1119 455 spei
1142 414 1293 439 moras:
1320 414 1448 452 neque
1468 412 1602 438 tamen
1626 412 1797 453 praeceps
1818 399 1941 438 vitam
1963 412 2034 439 ex-

650 465 753 524 pulit
767 495 778 515 ,
799 463 866 504 sed
885 464 1028 505 incisas
1042 477 1183 513 venas,
1198 476 1242 502 ut
1261 461 1421 502 libitum
1441 460 1636 516 obligatas
1650 491 1663 510 ‚
1683 463 1834 516 aperire
1854 461 2031 512 rursum,

648 536 689 571 δε
713 527 876 582 adloqui
896 529 1046 568 amicos
1066 557 1077 576 ‚
1099 542 1179 566 non
1202 540 1271 581 per
1292 525 1389 564 seria
1404 553 1416 574 ,
1445 538 1512 565 aut
1532 523 1673 578 quibus
1694 525 1921 564 constantia:
1940 524 2031 579 glo-

648 595 746 633 riam
771 605 939 648 peteret.
960 588 1240 642 Audiebatque
1266 587 1480 628 referentes
1497 617 1509 637 ‚
1536 586 1638 627 nihil
1659 587 1707 627 de
1730 587 2032 629 immortalitate

650 657 789 697 animae
803 685 816 705 ,
837 659 877 695 ὅ(
902 655 1139 711 sapientium
1161 651 1317 707 placitis
1332 681 1345 702 ‚
1366 651 1431 691 sed
1470 649 1577 691 levia
1601 651 1776 691 carmina
1794 680 1804 699 ,
1832 655 1871 691 &
1892 650 2032 692 faciles

650 719 798 760 versus.
811 720 1028 759 Servorum
1042 715 1140 757 alios
1156 714 1370 769 largitione
1383 744 1396 765 ,
1422 714 1612 768 quosdam
1627 713 1855 755 verberibus
1871 714 2033 756 adfecit.

650 783 747 824 Iniit
773 786 813 822 ὅ(
852 782 935 820 vias
957 810 969 830 ‚
1000 780 1143 820 somno
1167 777 1354 828 indulsit,
1376 790 1445 827 ut,
1471 792 1709 831 quamquam
1733 779 1868 818 coaCta
1889 793 1994 818 mors
2018 806 2032 828 ,

649 846 823 887 fortuitae
852 842 986 883 fimilis
1020 842 1127 883 esset.
1151 843 1219 882 Ne
1250 840 1452 882 codicillis
1484 841 1645 894 quidem
1674 844 1685 890 (
1715 840 1823 894 quod
1853 839 2032 895 plerique

649 909 903 967 pereuntium
924 911 935 957 )
964 908 1173 947 Neronem
1193 918 1260 946 aut
1282 903 1559 958 Tigellinum,
1585 918 1651 945 aut
1676 918 1795 957 quem
1815 902 1936 943 alium
1960 919 2032 960 po-

649 973 822 1014 tentium
847 969 1026 1012 adulatus
1047 970 1099 1010 est
1120 987 1126 1008 :
1156 968 1223 1009 sed
1250 969 1400 1022 flagitia
1423 968 1618 1023 Principis
1644 971 1681 1017 ²,
1704 966 1772 1007 sub
1802 967 2033 1008 nominibus

651 1034 905 1078 exoletorum
919 1065 931 1085 ,
945 1034 1262 1086 feminarumque
1278 1061 1292 1082 ,
1309 1036 1350 1072 ὅ(
1371 1032 1549 1071 novitate
1569 1029 1759 1085 cujusque
1776 1031 1916 1085 stupri,
1932 1030 2036 1087 pers-

651 1099 808 1154 cripsit,
832 1112 949 1151 atque
977 1096 1179 1151 obsignata
1204 1095 1306 1134 misit
1327 1094 1508 1135 Neroni:
1535 1093 1733 1148 fregitque
1761 1092 1954 1145 anulum,
1982 1108 2033 1134 ne

652 1175 750 1203 mox
769 1160 856 1201 usui
876 1160 971 1200 esset
987 1159 1035 1200 ad
1053 1158 1238 1200 facienda
1262 1156 1440 1214 pericula
1459 1162 1486 1196 ³.

713 1224 817 1265 XX.
851 1224 1137 1263 AMBIGENTI
1173 1223 1331 1263 Neroni
1353 1235 1526 1275 quonam
1546 1220 1668 1260 modo
1685 1220 1861 1260 nociium
1879 1219 2035 1259 suarum

650 1289 812 1343 ingenia
827 1287 1101 1336 notescerent,
1123 1286 1288 1326 offertur
1303 1284 1424 1335 Silia,
1446 1285 1704 1324 matrimonio
1721 1283 1912 1323 senatoris
1929 1282 2037 1322 haud

650 1355 791 1407 ignota
806 1382 816 1401 ,
841 1355 881 1391 ὃ(
902 1350 970 1406 ipsi
995 1349 1044 1390 ad
1066 1363 1229 1390 omnem
1251 1347 1462 1389 libidinem
1481 1347 1656 1396 adscita,
1679 1362 1724 1387 ac
1744 1347 1935 1387 Petronio
1951 1359 2035 1401 per-

651 1414 768 1469 quam
789 1412 1013 1454 familiaris:
1039 1414 1170 1467 agitur
1189 1414 1230 1452 in
1249 1410 1450 1462 exsilium,
1465 1424 1666 1464 tamquam
1683 1425 1765 1450 non
1779 1408 1938 1449 siluisset
1951 1423 2035 1462 quae

651 1478 805 1519 viderat
830 1474 1122 1533 pertuleratque
1141 1505 1154 1526 ,
1183 1477 1346 1531 proprio
1379 1475 1474 1516 odio
1504 1479 1534 1514 4.
1561 1474 1616 1512 At
1641 1474 1881 1513 Numicium
1907 1472 2036 1512 Ther-

652 1555 762 1581 mum
779 1570 792 1591 ,
812 1539 977 1596 praeturfi
994 1540 1171 1579 fun&um
1190 1568 1202 1588 ,
1235 1537 1431 1592 Tigellini
1451 1535 1712 1576 simultatibus
1740 1535 1893 1575 dedidit
1908 1565 1920 1585 ,
1943 1535 2035 1589 quia

650 1604 816 1646 libertus
842 1604 1011 1643 Thermi
1033 1602 1210 1656 quaedam
1235 1601 1285 1641 de
1309 1599 1518 1655 Tigellino
1554 1599 1768 1640 criminose
1801 1596 1998 1639 detulerat
2018 1627 2035 1649 ,

650 1683 734 1723 quae
755 1666 996 1708 cruciatibus
1015 1679 1309 1707 tormentorum
1336 1665 1417 1720 ipse
1430 1694 1444 1714 ,
1470 1676 1660 1720 patronus
1677 1661 1760 1715 ejus
1777 1677 1878 1703 nece
1891 1663 2036 1701 imme-

653 1730 727 1772 ritz‘i
754 1730 883 1771 lueret
901 1735 929 1770 5.

715 1794 843 1834 XXI.
878 1793 1196 1833 Taucmmm
1231 1805 1293 1833 tot
1316 1789 1531 1846 insignibus
1559 1791 1653 1831 viris
1672 1819 1685 1840 ‚
1716 1789 1765 1830 ad
1793 1790 2034 1845 postremum

652 1860 768 1899 Nero
788 1858 978 1897 virtutem
993 1854 1145 1912 ipsam6
1160 1854 1392 1896 exscindere
1408 1855 1646 1910 concupivit
1658 1883 1671 1904 ‚
1688 1853 1896 1894 interfecto
1910 1853 2034 1892 Thra-

650 209 736 245 270

510 290 626 307 =———-*‘-=

511 329 624 353 A.L·.C.

534 374 605 406 819.

533 424 556 447 J.
569 424 601 447 C.

540 469 593 498 66.

2067 850 2117 881 10

2069 1166 2117 1206 ¹5

2063 1481 2122 1510 20

695 1991 703 2004 ¹
729 1987 841 2016 Cumis
868 1995 967 2019 usque
990 1984 1004 2019 ]
1030 1982 1134 2013 Hodie
1158 1986 1263 2017 Cuma,
1290 1981 1321 2011 in

655 2023 840 2063 Campania.
854 2024 934 2055 Vide
956 2024 1056 2053 Notas
1075 2020 1322 2053 &Emendatio-

654 2075 708 2094 nes
729 2065 767 2094 ad
782 2063 893 2093 Annal.
914 2063 1002 2099 XVI,
1029 2073 1075 2098 19.

692 2108 705 2122 ²
727 2104 884 2133 ΡιΑοιτιΑ
911 2104 1070 2132 anc1i²1s
1098 2102 1112 2138 ]
1142 2101 1322 2132 Petronium

653 2142 717 2173 haec
734 2142 883 2181 Principis
897 2141 1013 2182 flagitia
1031 2141 1062 2171 in
1076 2140 1156 2171 libro
1170 2164 1178 2177 ,
1195 2141 1243 2171 cui
1261 2151 1322 2171 no-

653 2193 726 2212 men
746 2182 785 2212 est
799 2181 945 2221 Saryricon
958 2205 967 2218 ,
981 2179 1174 2220 perscripsisse
1200 2180 1322 2219 plurimi

652 2222 822 2259 affirmant3
844 2223 930 2260 quod
947 2230 1051 2251 tamen
1070 2220 1200 2250 minimi:
1216 2221 1324 2258 proba-

652 2261 717 2291 bile
728 2261 861 2291 videtur.
879 2260 1053 2298 Quomodo
1064 2259 1148 2289 enim
1158 2259 1237 2289 intra
1251 2270 1323 2298 pau-

653 2310 701 2329 cas
722 2300 809 2331 horas
830 2300 945 2330 librum
957 2298 1129 2337 scripsisset,
1147 2299 1324 2338 longiorem

653 2338 747 2368 etiam
763 2363 770 2375 ,
800 2341 893 2378 quam
913 2348 946 2370 ut
976 2338 1167 2368 codicillorum
1194 2338 1324 2369 nomine

652 2379 865 2421 appellaretur.
884 2381 1029 2410 Praeterea
1043 2378 1074 2408 in
1091 2377 1232 2417 Satyrico
1245 2378 1324 2408 nihil

652 2418 748 2447 ferme
771 2418 926 2455 occurrit,
950 2418 1037 2457 quod
1064 2418 1186 2448 Neroni
1208 2428 1324 2448 conve-

650 2456 733 2489 niat:
755 2457 900 2497 pleraque
923 2457 1049 2489 Claudii
1072 2456 1324 2490 imbecillitatem

1362 1981 1500 2012 referunt
1511 2003 1520 2017 ,
1536 1987 1571 2010 ut
1594 1980 1762 2010 observant
1775 1978 1836 2009 viri
1857 1978 1980 2010 cruditi.

1402 2027 1411 2046 3
1438 2022 1485 2049 Ar)
1504 2031 1656 2050 melmin
1676 2021 1857 2055 malcum]
1877 2020 1925 2049 Ne
1946 2020 2034 2049 Nero

1361 2059 1576 2099 Tigellinusve
1595 2070 1633 2090 eo
1662 2067 1821 2089 uterentur
1840 2058 1878 2088 ad
1902 2058 2036 2088 creanda

1362 2100 1429 2131 aliis
1448 2098 1594 2138 pericula.

1402 2144 1416 2162 4
1437 2140 1620 2169 Pnopnxo
1651 2140 1778 2176 ODIO]
1800 2136 2035 2168 Verifimillima

1364 2177 1567 2208 Freinshemii
1591 2178 1768 2215 coniectura
1783 2177 2013 2208 emendandum
2023 2198 2033 2212 ,

1361 2217 1571 2256 pertuleratque.
1590 2216 1703 2253 Proprio
1725 2216 1783 2246 odio
1811 2216 1904 2254 hanc,
1930 2215 2035 2245 Numi-

1365 2259 1433 2287 cium
1445 2256 1597 2293 Thermum,
1613 2255 1865 2294 praetura'fimflum
1875 2279 1885 2293 ,
1902 2253 2035 2295 Tigellini

1354 2296 1542 2337 simultatibus
1562 2295 1677 2326 dedidit.

1406 2344 1414 2364 5
1440 2338 1597 2374 Lumm]
1613 2337 1708 2367 Forte
1720 2335 1810 2371 luere,
1835 2342 1870 2365 ut
1886 2333 1954 2364 vult
1967 2331 2036 2363 Aci-

1366 2377 1611 2448 dalmilinrurmr
1632 2420 1749 2450 IPSAM]
1766 2413 1871 2445 Brevis
1882 2437 1890 2450 ,
1907 2413 1956 2444 sed
1971 2417 2037 2442 ma⁴

1365 2456 1448 2488 xima
1462 2456 1536 2488 laus.
1559 2455 1662 2488 Paucis
1682 2465 1809 2495 quoque
1824 2454 1910 2492 Dio,
1933 2451 2032 2484 LXII-
