2223 3033
521 322 552 346 Λ.
564 325 592 348 C.
604 325 633 350 C.

541 369 613 399 313.

537 422 560 445 J.
580 423 611 447 C.

553 469 604 505 65.

661 190 747 238 258
929 185 977 226 C.
1039 185 1455 228 CORNELII
1509 184 1815 250 TACITI

722 265 782 306 II.
817 266 998 306 IGITUR
1026 268 1168 318 Nero,
1198 283 1278 308 non
1306 268 1500 318 affloris,
1528 283 1610 309 non
1638 267 1754 323 ipsius
1782 269 1938 323 negotii
1965 268 2042 310 fide

659 329 749 370 satis
770 328 966 385 speciata,
994 345 1070 372 nec
1094 330 1211 372 missis
1235 337 1244 352 ¹
1276 346 1345 387 per
1372 346 1470 385 quos
1498 331 1707 382 nosceret,
1724 347 1774 372 an
1803 347 1896 372 vera
1915 332 2043 373 adfer-

658 406 821 443 rentur,
850 406 971 448 auget
997 393 1106 436 ultro
1132 409 1360 441 rumore1n;
1388 396 1619 448 mittitque,
1647 396 1716 449 qui
1750 393 1861 436 velut
1889 410 2041 452 partam

658 457 828 512 praedain
848 459 1078 498 aveherent.
1098 458 1258 498 Dantur
1284 459 1464 498 triremes
1487 462 1526 498 &
1555 457 1751 498 deleeium
1778 460 1984 515 navigium
2001 463 2042 510 ²,

656 518 838 572 juvandae
862 520 1129 561 festinationi:
1153 536 1228 561 nec
1255 519 1364 561 aliud
1394 535 1463 576 per
1495 518 1587 560 illos
1619 521 1701 562 dies
1718 551 1730 570 ‚
1753 522 1926 577 populus
1953 537 2040 564 cre-

657 582 825 624 dulitate
839 612 852 634 ,
880 583 1094 639 prudentes
1115 581 1269 624 diversa
1288 581 1393 624 fama
1408 613 1421 633 ‚
1446 583 1587 624 tulere.
1608 585 1671 625 Ac
1693 584 1795 631 forte
1818 586 2043 640 quinquen-

655 645 747 687 nale
766 646 967 688 ludicrum
998 647 1175 688 secundo
1203 646 1324 686 lustro
1342 651 1350 674 ³
1378 645 1677 688 celebrabatur:
1694 664 1715 688 a
1732 647 1887 688 vatibus
1909 661 2043 689 orato-

655 708 841 764 ribusque
864 715 882 738 4
915 711 1113 766 praecipua
1146 711 1309 750 materia
1347 711 1388 750 in
1422 708 1582 751 laudem
1615 711 1811 767 Principis
1837 711 2044 768 adsumpta

657 773 730 813 est:
761 790 781 809 c<
802 775 902 814 Non
928 774 1035 813 enini
1057 776 1213 814 tantum
1244 773 1380 813 solitas
1399 773 1558 828 fruges,
1587 789 1663 814 nec
1690 773 1862 815 metallis
1896 775 2042 815 confu-

655 835 742 875 sum
769 851 908 876 aurum
938 837 1050 890 gigni
1067 866 1080 886 ,
1101 836 1169 877 sed
1199 834 1305 877 novfi
1330 836 1510 878 ubertate
1540 838 1753 893 provenire
1774 852 1916 878 terram
1934 843 1970 887 5,
2002 841 2042 878 &

655 899 826 940 »obvias
861 914 957 955 opes
988 899 1142 940 deferre
1165 900 1261 940 deos
1277 917 1316 939 n:
1346 915 1509 954 quaeque
1543 900 1619 940 alia
1647 900 1799 940 summa
1826 899 2041 951 facundia,

656 977 733 1004 nec
755 964 911 1003 minore
939 961 1167 1004 adulatione
1188 962 1347 1004 servilia
1371 963 1576 1020 fingebant
1591 993 1605 1015 ,
1627 963 1756 1004 securi
1777 965 1825 1006 de
1849 963 2043 1006 facilitate

656 1026 870 1069 credentis.

717 1090 804 1130 III.
839 1091 1128 1130 GLISCEBAT
1149 1091 1311 1130 interim
1333 1088 1492 1130 luxuria
1510 1090 1578 1146 spe
1601 1090 1738 1140 inani,
1756 1090 2042 1132 consumeban-

653 1165 797 1206 turque
821 1166 976 1194 veteres
1006 1168 1102 1210 opes
1117 1151 1155 1204 ⁶,
1182 1153 1287 1208 quasi
1318 1151 1490 1204 oblatis,
1518 1168 1613 1208 quas
1640 1151 1788 1194 multos
1818 1169 1887 1210 per
1915 1169 2040 1195 annos

653 1216 897 1272 prodigeret.
919 1218 1033 1273 Quin
1059 1221 1099 1258 &
1125 1217 1218 1258 inde
1244 1215 1323 1270 jam
1351 1216 1616 1272 largiebatur:
1643 1221 1683 1258 ὅ(
1710 1216 1939 1258 divitiarum
1974 1232 2044 1258 ex-

650 1279 844 1335 spe'Ctatio
861 1311 872 1331 ‚
894 1282 999 1322 inter
1027 1281 1161 1322 causas
1184 1282 1427 1338 paupertatis
1449 1281 1618 1338 publicae
1642 1295 1738 1322 erat.
1754 1283 1863 1322 Nam
1880 1281 2015 1322 Bassus
2029 1311 2043 1333 ,

652 1344 794 1385 effosso
812 1360 909 1400 agro
931 1346 1001 1386 suo
1015 1376 1028 1396 ‚
1044 1344 1212 1399 latisque
1231 1347 1383 1387 circum
1400 1347 1501 1386 arvis
1516 1376 1529 1396 ‚
1551 1345 1647 1386 dum
1676 1347 1785 1386 hunc
1798 1344 1898 1395 ,'vel
1922 1344 2040 1384 illum

651 1405 792 1448 locum
821 1409 994 1464 promissi
1023 1409 1163 1465 specus
1195 1409 1427 1460 adseverat,
1464 1409 1759 1463 sequunturque
1794 1423 1878 1448 non
1917 1409 2041 1449 modo

692 1503 702 1518 ¹
727 1500 797 1531 Nise
822 1502 944 1538 Misus]
962 1500 1042 1532 Vide
1057 1501 1158 1531 Notas
1170 1500 1204 1532 &
1216 1501 1328 1532 Emen-

651 1539 796 1570 dationes
814 1540 853 1570 ad
866 1541 980 1571 Annal.
1003 1542 1074 1571 XVI
1090 1564 1098 1576 ‚
1121 1551 1150 1570 2.

686 1584 702 1598 2
724 1580 902 1610 Dsszssc‘rum
918 1582 1110 1618 ΝΑνιοιυΜ]
1128 1579 1248 1610 Βεῐεᾶἰ
1260 1579 1328 1610 sunt

651 1628 764 1655 nautae,
778 1627 812 1649 ut
825 1622 904 1650 reete
920 1619 1054 1659 explicat
1064 1620 1172 1650 Illustr.
1185 1619 1327 1650 Huetius.

650 1659 760 1690 Mallet
780 1658 980 1690 Boxhornius
994 1683 1004 1697 ,
1027 1659 1153 1689 deleam
1176 1660 1327 1699 remigium.

692 1703 702 1724 3
731 1700 878 1729 Srcmmo
908 1701 1058 1738 Lusrko]
1082 1699 1328 1739 Quinquennale

651 1737 733 1768 illud
753 1738 908 1769 ludicrum
933 1739 1103 1770 instituerat
1127 1740 1212 1770 Nero
1243 1749 1327 1770 anno

651 1778 688 1807 U.
709 1778 745 1807 C.
773 1789 939 1815 Deccmn,
964 1787 999 1809 ut
1031 1779 1147 1810 dmum
1174 1778 1214 1809 est
1242 1779 1329 1817 supra

651 1816 766 1847 Annal.
786 1819 876 1854 XIV,
897 1828 945 1847 20.
970 1818 1121 1858 Quinque
1141 1818 1230 1848 annis
1253 1818 1328 1849 soli-

651 1856 699 1887 dis
708 1857 904 1889 vertentibus
915 1878 923 1891 ,
935 1857 1134 1889 instauratum
1146 1857 1214 1888 fuit.
1228 1857 1329 1895 Quin-

651 1897 808 1935 quennale
828 1908 920 1936 ergo,
946 1908 1011 1928 non
1034 1899 1110 1928 vero
1141 1898 1304 1928 sexennale
1320 1921 1327 1933 ,

652 1945 687 1966 ut
713 1947 872 1976 perperam
902 1937 1070 1968 contendit
1095 1936 1233 1976 Scaliger
1254 1961 1263 1974 ,
1291 1938 1328 1967 de

652 1976 815 2008 Emendat.
839 1978 991 2016 Tempor.
1010 1980 1047 2008 V.
1067 1987 1134 2016 pag.
1159 1987 1241 2014 440,
1265 1977 1328 2008 dici

652 2015 772 2047 debuit.
804 2017 875 2047 Haec
908 2019 1050 2047 accurati:
1079 2016 1229 2054 disputata
1254 2016 1328 2047 vide

652 2056 734 2092 apud
755 2056 917 2087 Petavium
930 2080 940 2094 ‚
960 2057 998 2088 de
1014 2055 1155 2087 DoCtrin.
1176 2057 1326 2096 Tempor-

651 2095 714 2130 XI,
740 2106 786 2134 15.

691 2138 707 2157 4
728 2136 755 2164 A
775 2146 908 2166 via-rinus
925 2146 1191 2172 oRATomnusQue
1210 2136 1225 2172 ]
1248 2135 1328 2166 Vide

650 2173 754 2205 Notas
774 2176 808 2206 &
832 2177 994 2206 Emendat.
1008 2176 1046 2206 ad
1059 2176 1170 2206 Annal.
1186 2177 1279 2212 XVI,
1299 2187 1327 2206 2.

694 2220 702 2240 5
728 2215 918 2246 Pnovmnmz
953 2217 1120 2252 TERRAM]
1146 2216 1210 2246 Hac
1243 2215 1328 2246 enirn

651 2251 811 2284 fortunata
837 2255 975 2285 Neronis
1004 2263 1092 2286 :etate
1111 2265 1177 2286 non
1207 2258 1327 2286 tantum

651 2292 756 2335 solitas
770 2294 870 2333 fruges
880 2319 888 2331 ,
910 2305 966 2325 nec
983 2304 1089 2325 aurum
1103 2294 1235 2325 metallis
1247 2306 1327 2325 con-

652 2330 751 2375 fusum
764 2333 848 2372 gigni
861 2357 869 2370 ,
891 2334 941 2364 sed
960 2343 1070 2365 terram
1090 2335 1175 2366 nova
1188 2335 1327 2365 ubertate

650 2381 684 2400 ιη
702 2381 811 2402 aureos
826 2384 996 2410 proventus
1016 2375 1327 2411 efflorescere‚deos-

648 2420 711 2448 que
727 2410 806 2448 ipsos
817 2414 927 2456 oliv-ias
942 2425 1017 2453 opes
1030 2413 1160 2444 deferre.
1175 2416 1218 2444 lta
1231 2424 1327 2454 exag-

648 2450 798 2489 gerabant
820 2452 945 2486 divitias
963 2464 1002 2485 cx
1025 2453 1130 2488 Africa
1145 2453 1325 2487 afferendas.

1366 1499 1513 1537 metallis,
1534 1510 1573 1530 ne
1591 1500 1628 1530 de
1649 1499 1716 1530 aliis
1737 1498 1870 1529 metallis
1890 1497 2043 1538 accipias,

1368 1540 1418 1570 sed
1444 1541 1482 1570 de
1504 1539 1646 1577 fodinis,
1674 1538 1786 1578 quibus
1815 1537 1978 1569 confusum
2003 1539 2044 1569 est

1366 1590 1484 1609 aurum.
1512 1579 1626 1609 Plinius
1658 1578 1770 1607 metalla
1795 1577 1851 1610 hac
1882 1577 2042 1618 fignifica-

1367 1620 1457 1650 tione
1470 1619 1572 1658 paffim
1587 1618 1718 1656 usurpat.

1407 1660 1419 1678 ⁶
1444 1660 1585 1690 VETERES
1599 1660 1698 1696 OPES]
1719 1658 1791 1687 Haec
1815 1656 1944 1687 illustrat
1966 1658 2043 1687 Sue-

1368 1698 1472 1728 tonius
1494 1697 1527 1727 in
1544 1699 1619 1728 Ner.
1643 1698 1758 1734 XXXI,
1780 1697 1867 1727 Nero
1890 1695 2039 1725 inchoabat

1366 1737 1497 1776 piscinam
1521 1747 1539 1767 a
1570 1737 1677 1777 Miseno
1700 1736 1736 1766 ad
1765 1736 1907 1765 Avernum
1930 1735 2041 1772 lacum,

1369 1778 1516 1807 contec'iam
1525 1802 1534 1815 ‚
1550 1776 1700 1814 porticibus
1713 1776 1863 1815 conclusam
1874 1795 1884 1809 ‚
1896 1785 1945 1815 quo
1960 1774 2042 1814 quid-

1368 1817 1432 1856 quid
1450 1817 1514 1847 totis
1533 1816 1614 1846 Baiis
1635 1816 1786 1846 calidarum
1805 1816 1864 1884 ψὲῑ
1877 1839 1886 1852 ,
1906 1824 2043 1844 converte-

1369 1866 1451 1888 retur.
1465 1857 1568 1897 Fzfflzm
1590 1856 1625 1886 ab
1648 1856 1761 1886 Averno
1781 1854 1883 1895 OJiam
1903 1855 2043 1894 ufilue‚ut

1368 1897 1503 1934 navibus,
1520 1907 1569 1926 nec
1582 1906 1672 1925 tamen
1682 1896 1752 1924 mari
1764 1895 1866 1931 irenzr,
1887 1893 2042 1934 longitudi-

1368 1937 1413 1965 nis
1431 1947 1480 1973 per
1499 1945 1603 1964 centum
1619 1936 1773 1975 sexaginta
1798 1934 1884 1963 millia
1904 1946 1912 1961 .·
1944 1934 2042 1962 latitu-

1368 1975 1460 2013 dinis,
1488 1976 1714 2014 qudronzrartae
1744 1974 1946 2013 quinqueremes
1971 1983 2043 2002 com-

1369 2025 1500 2046 mearent.
1531 2013 1655 2082 {norum
1683 2024 1789 2051 operum
1815 2012 2042 2053 perficiendorum

1365 2055 1479 2095 grafii,
1495 2065 1543 2093 quo
1575 2054 1670 2093 ubique
1679 2054 1738 2093 effer
1749 2053 1872 2093 custodiae
1885 2052 1913 2082 in
1928 2051 2040 2082 Italiam

1369 2094 1523 2132 deportari,
1536 2095 1617 2123 esiam
1629 2094 1733 2133 scelere
1748 2093 1901 2130 marmor,
1923 2103 1977 2121 non
1990 2091 2042 2131 '²1'st

1368 2134 1405 2163 ad
1432 2144 1497 2171 opus
1528 2133 1675 2171 damnari,
1699 2142 1877 2171 proeceperat.
1902 2131 1946 2162 Ad
1968 2132 2040 2160 hunc

1367 2173 1561 2210 impendiorum
1574 2174 1697 2212 furorem
1719 2175 1803 2213 fitper
1824 2171 1960 2212 fiduciam
1985 2171 2039 2200 im·

1366 2215 1436 2251 perii
1447 2237 1456 2250 ‚
1470 2213 1605 2253 etiamspe
1614 2213 1731 2253 quadam
1743 2213 1886 2252 repentini
1898 2210 2039 2249 immensit-

1368 2265 1426 2283 rum
1448 2253 1478 2284 Cr
1500 2254 1700 2283 reconditarum
1723 2264 1800 2290 opum
1824 2251 1952 2291 impulsus
1977 2249 2011 2289 est
2026 2261 2036 2277 .-

1367 2305 1401 2324 ex
1412 2293 1514 2323 indicio
1531 2294 1629 2332 equitis
1645 2293 1763 2323 Romani
1778 2302 1826 2329 pro
1843 2298 1972 2327 comperto
1982 2287 2037 2326 pol-

1366 2334 1494 2371 licentis,
1515 2334 1652 2371 thefizuros
1666 2332 1851 2372 antiquiffimae
1860 2339 1941 2370 3¹¹3*oe
1951 2338 2039 2373 ‚fiilos

1366 2373 1444 2403 Dido
1457 2370 1675 2414 regineifitgiens
1687 2372 1758 2412 Tyro
1766 2373 1857 2410 secum
1881 2368 2015 2434 exrullffiet
2027 2390 2038 2405 ,

1365 2414 1412 2454 effe
1431 2413 1460 2442 irz
1484 2413 1584 2451 Africci
1605 2409 1896 2452 vnstfflimisspecubus
1910 2407 2039 2445 abutor,

1365 2463 1399 2484 ac
1410 2453 1478 2493 pqffe
1494 2453 1552 2484 erui
1567 2452 1686 2492 parvula
1706 2450 1873 2482 molientium
1893 2447 1985 2487 openi-

2077 855 2129 882 10

2078 1168 2124 1207 15
